<html lang="ko-KR" style="overflow: unset;"><head><meta charset="utf-8"><meta name="viewport" content="width=device-width, initial-scale=1"><meta name="viewport" content="width=device-width, initial-scale=1.0, maximum-scale=1.0, user-scalable=0"><link rel="stylesheet" href="https://assets.coupangcdn.com/front/sdp-next/_next/static/css/8b23093be684c4fa.css" crossorigin="anonymous" data-precedence="next"><link rel="stylesheet" href="https://assets.coupangcdn.com/front/sdp-next/_next/static/css/72dbcccd8d722ff9.css" crossorigin="anonymous" data-precedence="next"><link rel="stylesheet" href="https://assets.coupangcdn.com/front/sdp-next/_next/static/css/ac6b33e86e43a1e1.css" crossorigin="anonymous" data-precedence="next"><link rel="stylesheet" href="https://assets.coupangcdn.com/front/sdp-next/_next/static/css/e6852ddbfb832cf6.css" crossorigin="anonymous" data-precedence="next"><link rel="stylesheet" href="https://assets.coupangcdn.com/front/sdp-next/_next/static/css/20bd6cb63e8b6be4.css" crossorigin="anonymous" data-precedence="next"><link rel="stylesheet" href="https://assets.coupangcdn.com/front/sdp-next/_next/static/css/74b98dec47f7fbb5.css" crossorigin="anonymous" data-precedence="next"><link rel="stylesheet" href="https://assets.coupangcdn.com/front/sdp-next/_next/static/css/6e40729592ee3820.css" crossorigin="anonymous" data-precedence="next"><link rel="stylesheet" href="https://assets.coupangcdn.com/front/sdp-next/_next/static/css/c9f2a4028ee138dc.css" crossorigin="anonymous" data-precedence="next"><link rel="stylesheet" href="https://assets.coupangcdn.com/front/sdp-next/_next/static/css/d072fa0f759c3041.css" crossorigin="anonymous" data-precedence="next"><link rel="stylesheet" href="https://assets.coupangcdn.com/front/sdp-next/_next/static/css/b6e9045a51313c0f.css" crossorigin="anonymous" data-precedence="next"><link rel="stylesheet" href="https://assets.coupangcdn.com/front/sdp-next/_next/static/css/93724a93c41077ec.css" crossorigin="anonymous" data-precedence="next"><link rel="stylesheet" href="https://assets.coupangcdn.com/front/sdp-next/_next/static/css/62e0c71b6fc172f0.css" crossorigin="anonymous" data-precedence="next"><link rel="stylesheet" href="https://assets.coupangcdn.com/front/sdp-next/_next/static/css/a8b465e3926a2a2e.css" crossorigin="anonymous" data-precedence="next"><link rel="stylesheet" href="https://assets.coupangcdn.com/front/sdp-next/_next/static/css/06f5bb6b97c372cf.css" crossorigin="anonymous" data-precedence="next"><link rel="stylesheet" href="https://assets.coupangcdn.com/front/sdp-next/_next/static/css/1b434b5a2305f182.css" crossorigin="anonymous" data-precedence="next"><link rel="stylesheet" href="https://assets.coupangcdn.com/front/sdp-next/_next/static/css/33b3ba6c3a22259e.css" crossorigin="anonymous" data-precedence="next"><link rel="preload" as="script" fetchpriority="low" href="https://assets.coupangcdn.com/front/sdp-next/_next/static/chunks/webpack-fbb4cb05583d7e9e.js" crossorigin=""><script src="https://connect.facebook.net/signals/config/652323801535981?v=2.9.228&amp;r=stable&amp;domain=www.coupang.com&amp;hme=98a01a771f1571b63142a5ab6b1965d297e9ee4aa2fec3ece59f72d8c5b28e26&amp;ex_m=86%2C148%2C128%2C19%2C121%2C60%2C41%2C122%2C67%2C59%2C135%2C75%2C13%2C85%2C27%2C116%2C107%2C65%2C68%2C115%2C132%2C94%2C137%2C7%2C3%2C4%2C6%2C5%2C2%2C76%2C84%2C138%2C212%2C160%2C54%2C217%2C214%2C215%2C47%2C175%2C26%2C64%2C221%2C220%2C163%2C29%2C53%2C8%2C56%2C80%2C81%2C82%2C87%2C111%2C28%2C25%2C114%2C110%2C109%2C129%2C66%2C131%2C130%2C43%2C112%2C52%2C104%2C12%2C134%2C38%2C203%2C205%2C170%2C22%2C23%2C24%2C16%2C17%2C37%2C34%2C35%2C71%2C77%2C79%2C92%2C120%2C123%2C39%2C93%2C20%2C18%2C98%2C61%2C32%2C125%2C124%2C126%2C117%2C21%2C31%2C51%2C91%2C133%2C62%2C15%2C30%2C185%2C156%2C262%2C201%2C146%2C188%2C181%2C89%2C113%2C70%2C102%2C46%2C40%2C100%2C101%2C106%2C50%2C14%2C108%2C99%2C57%2C42%2C95%2C45%2C48%2C0%2C83%2C136%2C1%2C105%2C11%2C103%2C9%2C49%2C78%2C55%2C127%2C58%2C97%2C74%2C73%2C44%2C118%2C72%2C69%2C63%2C96%2C88%2C36%2C119%2C33%2C90%2C10%2C139" async=""></script><script async="" src="https://connect.facebook.net/en_US/fbevents.js"></script><script src="https://assets.coupangcdn.com/front/sdp-next/_next/static/chunks/5980de63-b5790659f3adf1a1.js" async="" crossorigin=""></script><script src="https://assets.coupangcdn.com/front/sdp-next/_next/static/chunks/5458-4f839dc782c2f31e.js" async="" crossorigin=""></script><script src="https://assets.coupangcdn.com/front/sdp-next/_next/static/chunks/main-app-0463ba3ba6550c20.js" async="" crossorigin=""></script><script async="" src="product" type="application/ld+json">{"@context":"https://schema.org/","@type":"Product","sku":"9007354491-26399590821","name":"삼시세끼연구소 최북단 연평도 조업 살이 단단한 25년 햇꽃게 활 꽃게 숫꽃게 생물, 1kg, 1세트","image":["https://thumbnail.coupangcdn.com/thumbnails/remote/492x492ex/image/vendor_inventory/5a29/ad60842847c4ed6704211970e47c500c01d878b4a90050ee599d62a1e1f4.png","https://thumbnail.coupangcdn.com/thumbnails/remote/492x492ex/image/vendor_inventory/a684/99287514f9add60ee37af25232b4745a29509d01457867e5eb84dfdbfe00.png","https://thumbnail.coupangcdn.com/thumbnails/remote/492x492ex/image/vendor_inventory/be46/628421a2f405c364a5c281e3c395061e7912a531813c968310e53115afa2.png","https://thumbnail.coupangcdn.com/thumbnails/remote/492x492ex/image/vendor_inventory/3960/b4304a024c951b12f43eba227274934cbdd5f2e2685c399b3a21612746aa.png","https://thumbnail.coupangcdn.com/thumbnails/remote/492x492ex/image/vendor_inventory/4321/1ebe96e45a023dcdc9bd41bdcec4bb24db736e62034e8d9a9acca205a6ff.png","https://thumbnail.coupangcdn.com/thumbnails/remote/492x492ex/image/vendor_inventory/372d/1ba18192cd70d33410850d582cd31bf20e46a50335ce6018f71e9ad31b70.png","https://thumbnail.coupangcdn.com/thumbnails/remote/492x492ex/image/vendor_inventory/ba7d/2857ae92b2a1db38b4990cf4f23a75773cf2c3003bd8df877a6a62d578e7.png","https://thumbnail.coupangcdn.com/thumbnails/remote/492x492ex/image/vendor_inventory/6439/325aa6fb1dbe64c1063dd60cefe87af1ae33c9e5b0081ace19ce1a021813.png","https://thumbnail.coupangcdn.com/thumbnails/remote/492x492ex/image/vendor_inventory/ce86/cc5d97387039c95869d104b3940da955dbe0b4df4e0df35723b499046e4a.png","https://thumbnail.coupangcdn.com/thumbnails/remote/492x492ex/image/vendor_inventory/358b/6539bd8e4b3236ba7428b02dc4bbcd93ebb38f5ebdec07b8525a34a7d71d.png"],"description":"쿠팡에서 삼시세끼연구소 최북단 연평도 조업 살이 단단한 25년 햇꽃게 활 꽃게 숫꽃게 생물, 1kg, 1세트 구매하고 더 많은 혜택을 받으세요! 지금 할인중인 다른 꽃게 제품도 바로 쿠팡에서 확인할 수 있습니다.","offers":{"priceCurrency":"KRW","shippingDetails":{"shippingRate":{"@type":"MonetaryAmount","value":"0","currency":"KRW"},"@type":"OfferShippingDetails","shippingDestination":{"addressCountry":"KR","@type":"DefinedRegion","addressRegion":["Seoul"]}},"priceSpecification":{"priceCurrency":"KRW","@type":"UnitPriceSpecification","price":"39900","priceType":"https://schema.org/StrikethroughPrice"},"@type":"Offer","price":"29900","availability":"https://schema.org/InStock","url":"https://www.coupang.com/vp/products/9007354491"},"aggregateRating":{"@type":"AggregateRating","ratingValue":4.8,"ratingCount":"30"}}</script><script async="" src="breadcrumb" type="application/ld+json">{"@context":"https://schema.org","@type":"BreadcrumbList","itemListElement":[{"@type":"ListItem","position":1,"name":"쿠팡 홈","item":"https://www.coupang.com"},[{"@type":"ListItem","position":2,"name":"식품","item":"https://www.coupang.com/np/categories/194276"},{"@type":"ListItem","position":3,"name":"사과식초/땅콩버터 외","item":"https://www.coupang.com/np/categories/492629"},{"@type":"ListItem","position":4,"name":"수산물/건어물","item":"https://www.coupang.com/np/categories/492786"},{"@type":"ListItem","position":5,"name":"새우/게/갑각류","item":"https://www.coupang.com/np/categories/492831"},{"@type":"ListItem","position":6,"name":"꽃게","item":"https://www.coupang.com/np/categories/492833"}]]}</script><link rel="preload" href="https://front.coupangcdn.com/front-web-next/_next/static/web-adapter/index-DqXXTr2C.js" as="script"><title>삼시세끼연구소 최북단 연평도 조업 살이 단단한 25년 햇꽃게 활 꽃게 숫꽃게 생물, 1kg, 1세트 - 꽃게 | 쿠팡</title><meta name="description" content="쿠팡에서 삼시세끼연구소 최북단 연평도 조업 살이 단단한 25년 햇꽃게 활 꽃게 숫꽃게 생물, 1kg, 1세트 구매하고 더 많은 혜택을 받으세요! 지금 할인중인 다른 꽃게 제품도 바로 쿠팡에서 확인할 수 있습니다."><meta property="og:title" content="삼시세끼연구소 최북단 연평도 조업 살이 단단한 25년 햇꽃게 활 꽃게 숫꽃게 생물, 1kg, 1세트 - 꽃게 | 쿠팡"><meta property="og:description" content="쿠팡에서 삼시세끼연구소 최북단 연평도 조업 살이 단단한 25년 햇꽃게 활 꽃게 숫꽃게 생물, 1kg, 1세트 구매하고 더 많은 혜택을 받으세요! 지금 할인중인 다른 꽃게 제품도 바로 쿠팡에서 확인할 수 있습니다."><meta property="og:url" content="https://www.coupang.com/vp/products/9007354491"><meta property="og:image" content="//thumbnail.coupangcdn.com/thumbnails/remote/492x492ex/image/vendor_inventory/5a29/ad60842847c4ed6704211970e47c500c01d878b4a90050ee599d62a1e1f4.png"><meta property="og:image:width" content="492"><meta property="og:image:height" content="492"><meta property="og:type" content="website"><meta property="og:locale" content="ko_KR"><meta property="og:site_name" content="쿠팡"><link rel="canonical" href="https://www.coupang.com/vp/products/9007354491"><meta name="format-detection" content="telephone=no, date=no, email=no, address=no"><link rel="shortcut icon" href="https://image7.coupangcdn.com/image/coupang/favicon/favicon.ico" type="image/x-icon"><link rel="apple-touch-icon" href="https://image10.coupangcdn.com/image/mobile/v3/web_favicon.png"><meta http-equiv="x-dns-prefetch-control" content="on"><link rel="dns-prefetch" href="//assets.coupang.com"><link rel="dns-prefetch" href="//assets2.coupang.com"><link rel="dns-prefetch" href="//assets.coupangcdn.com"><link rel="dns-prefetch" href="//asset1.coupangcdn.com"><link rel="dns-prefetch" href="//private.coupang.com"><link rel="dns-prefetch" href="//img1a.coupangcdn.com"><link rel="dns-prefetch" href="//image1.coupangcdn.com"><link rel="dns-prefetch" href="//thumbnail1.coupangcdn.com"><link rel="dns-prefetch" href="//static.coupangcdn.com"><link rel="dns-prefetch" href="//www.facebook.com"><link rel="dns-prefetch" href="//www.google.com"><link rel="dns-prefetch" href="//www.google.co.kr"><link rel="dns-prefetch" href="//stats.g.doubleclick.net"><link rel="dns-prefetch" href="//connect.facebook.net"><link href="https://front.coupangcdn.com/front-web-next/_next/static/web-adapter/style-BDM0OAsD.css" rel="stylesheet"><script>document.querySelectorAll('body link[rel="icon"], body link[rel="apple-touch-icon"]').forEach(el => document.head.appendChild(el))</script><script src="https://assets.coupangcdn.com/front/sdp-next/_next/static/chunks/polyfills-42372ed130431b0a.js" crossorigin="anonymous" nomodule=""></script><script id="criteo-js-sdk">window.criteo_q = window.criteo_q || []</script><meta http-equiv="origin-trial" content="A+Mt6wQ7St5J869uXW1A/aL3lJaYJYff4gUwPvwSbTuZ7z/T1l4np41d/t4W9TdeS/EMua5fYfBoz4v4TT9tdAgAAACAeyJvcmlnaW4iOiJodHRwczovL2NyaXRlby5uZXQ6NDQzIiwiZmVhdHVyZSI6IlByaXZhY3lTYW5kYm94QWRzQVBJcyIsImV4cGlyeSI6MTY2MTI5OTE5OSwiaXNTdWJkb21haW4iOnRydWUsImlzVGhpcmRQYXJ0eSI6dHJ1ZX0="><style type="text/css">.cmg-dco-carousel {
    overflow-y: hidden;
    -ms-overflow-style: none;
    /* IE and Edge */
    scrollbar-width: none;
    /* Firefox */
}

.cmg-dco-carousel-product {
    cursor: pointer;
}

.cmg-dco-carousel-product .main-image {
    scale: 1;
    transition: all .2s ease;
    --o-transition: all .2s ease;
    --ms-transition: all .2s ease;
    --moz-transition: all .2s ease;
    --webkit-transition: all .2s ease;
}

/* .cmg-dco-carousel-product .main-image:hover {
    scale: 1.1;
}

.cmg-dco-carousel-product:hover .product-title {
    color: #346aff !important;
} */

.cmg-dco-carousel::-webkit-scrollbar {
    display: none;
}

.cmg-dco-template,
.cmg-dco-template * {
    box-sizing: border-box;
}

.add-to-cart__icon {
    font-style: normal;
    position: absolute;
    display: block;
    width: 32px;
    height: 32px;
    right: 8px;
    bottom: 8px;
    background: #ffffff;
    box-shadow: 0px 2px 2px rgba(0, 0, 0, 0.12), 0px 3px 1px -2px rgba(0, 0, 0, 0.1), 0px 1px 4px rgba(0, 0, 0, 0.16);
    border-radius: 16px;
    background-image: url(data:image/svg+xml;base64,PHN2ZyB3aWR0aD0iMTYiIGhlaWdodD0iMTciIHZpZXdCb3g9IjAgMCAxNiAxNyIgZmlsbD0ibm9uZSIgeG1sbnM9Imh0dHA6Ly93d3cudzMub3JnLzIwMDAvc3ZnIj4KPHBhdGggZmlsbC1ydWxlPSJldmVub2RkIiBjbGlwLXJ1bGU9ImV2ZW5vZGQiIGQ9Ik0zLjU2NTkxIDEuNTE2M0MzLjM0MzI5IDAuNjI1OTk2IDIuNTQzMzUgMC4wMDE0NjQ4NCAxLjYyNTYzIDAuMDAxNDY0ODRIMC42NjY2NjdMMC41ODg5MTkgMC4wMDU5NUMwLjI1NzM2IDAuMDQ0NDYwMSAwIDAuMzI2MjQxIDAgMC42NjgxMzJDMCAxLjAzNjMyIDAuMjk4NDc3IDEuMzM0OCAwLjY2NjY2NyAxLjMzNDhIMS42MjU2M0wxLjcwMTIxIDEuMzM5MDdDMS45NzQ2NyAxLjM3MDExIDIuMjA0MzkgMS41Njc3MSAyLjI3MjQxIDEuODM5NzZMMi4yNzI0MyAxLjgzOTg0TDQuMTAwNzggOS4xNTMxOUw0LjEzMzA0IDkuMjY3NzhDNC4zOTMxMSAxMC4wOTY2IDUuMTYzMjEgMTAuNjY4MSA2LjA0MTA0IDEwLjY2ODFIMTIuOTA2OUwxMy4wMjU0IDEwLjY2NDdDMTMuOTI3NiAxMC42MTE2IDE0LjY4ODkgOS45NTYyMyAxNC44NjgxIDkuMDYwMzNMMTUuOTg3MSAzLjQ2NTU0TDE1Ljk5NzkgMy4zODg0M0MxNi4wMjUyIDMuMDU1NzUgMTUuNzk5MyAyLjc0ODEzIDE1LjQ2NDEgMi42ODEwOEMxNS4xMDMgMi42MDg4NyAxNC43NTE4IDIuODQzMDEgMTQuNjc5NiAzLjIwNDA1TDEzLjU2MDcgOC43OTg4NUwxMy41NDA4IDguODc0ODZDMTMuNDUyNCA5LjE0NjMxIDEzLjE5ODIgOS4zMzQ4IDEyLjkwNjkgOS4zMzQ4SDYuMDQxMDRMNS45NjU0NyA5LjMzMDUzQzUuNjkyMDQgOS4yOTk0OCA1LjQ2MjMgOS4xMDE4NiA1LjM5NDMxIDguODI5ODNMMy41NjU5MyAxLjUxNjM3TDMuNTY1OTEgMS41MTYzWk01LjUwMDAxIDExLjY2ODFDNC4zMDMzOSAxMS42NjgxIDMuMzMzMzUgMTIuNjM4MiAzLjMzMzM1IDEzLjgzNDhDMy4zMzMzNSAxNS4wMzE0IDQuMzAzMzkgMTYuMDAxNSA1LjUwMDAxIDE2LjAwMTVDNi42OTY2NCAxNi4wMDE1IDcuNjY2NjggMTUuMDMxNCA3LjY2NjY4IDEzLjgzNDhDNy42NjY2OCAxMi42MzgyIDYuNjk2NjQgMTEuNjY4MSA1LjUwMDAxIDExLjY2ODFaTTUuNTAwMDEgMTMuMDAxNUM1Ljk2MDI2IDEzLjAwMTUgNi4zMzMzNSAxMy4zNzQ1IDYuMzMzMzUgMTMuODM0OEM2LjMzMzM1IDE0LjI5NSA1Ljk2MDI2IDE0LjY2ODEgNS41MDAwMSAxNC42NjgxQzUuMDM5NzcgMTQuNjY4MSA0LjY2NjY4IDE0LjI5NSA0LjY2NjY4IDEzLjgzNDhDNC42NjY2OCAxMy4zNzQ1IDUuMDM5NzcgMTMuMDAxNSA1LjUwMDAxIDEzLjAwMTVaTTEzLjE2NjcgMTEuNjY4MUMxMS45NzAxIDExLjY2ODEgMTEgMTIuNjM4MiAxMSAxMy44MzQ4QzExIDE1LjAzMTQgMTEuOTcwMSAxNi4wMDE1IDEzLjE2NjcgMTYuMDAxNUMxNC4zNjMzIDE2LjAwMTUgMTUuMzMzMyAxNS4wMzE0IDE1LjMzMzMgMTMuODM0OEMxNS4zMzMzIDEyLjYzODIgMTQuMzYzMyAxMS42NjgxIDEzLjE2NjcgMTEuNjY4MVpNMTMuMTY2NyAxMy4wMDE1QzEzLjYyNjkgMTMuMDAxNSAxNCAxMy4zNzQ1IDE0IDEzLjgzNDhDMTQgMTQuMjk1IDEzLjYyNjkgMTQuNjY4MSAxMy4xNjY3IDE0LjY2ODFDMTIuNzA2NCAxNC42NjgxIDEyLjMzMzMgMTQuMjk1IDEyLjMzMzMgMTMuODM0OEMxMi4zMzMzIDEzLjM3NDUgMTIuNzA2NCAxMy4wMDE1IDEzLjE2NjcgMTMuMDAxNVpNOS4zNTAwMiAxLjMzNDc5QzkuNjkxOTEgMS4zMzQ3OSA5Ljk3MzY5IDEuNTkyMTUgMTAuMDEyMiAxLjkyMzcxTDEwLjAxNjcgMi4wMDE0NVY0LjAxODEySDEyQzEyLjM2ODIgNC4wMTgxMiAxMi42NjY3IDQuMzE2NiAxMi42NjY3IDQuNjg0NzlDMTIuNjY2NyA1LjAyNjY4IDEyLjQwOTMgNS4zMDg0NiAxMi4wNzc4IDUuMzQ2OTdMMTIgNS4zNTE0NkgxMC4wMTY3VjcuMzM0NzlDMTAuMDE2NyA3LjcwMjk4IDkuNzE4MiA4LjAwMTQ2IDkuMzUwMDIgOC4wMDE0NkM5LjAwODEyIDguMDAxNDYgOC43MjYzNCA3Ljc0NDA5IDguNjg3ODMgNy40MTI1NEw4LjY4MzM1IDcuMzM0NzlWNS4zNTE0Nkg2LjY2NjY4QzYuMjk4NDkgNS4zNTE0NiA2LjAwMDAyIDUuMDUyOTggNi4wMDAwMiA0LjY4NDc5QzYuMDAwMDIgNC4zNDI5IDYuMjU3MzggNC4wNjExMiA2LjU4ODkzIDQuMDIyNjFMNi42NjY2OCA0LjAxODEySDguNjgzMzVWMi4wMDE0NUM4LjY4MzM1IDEuNjMzMjcgOC45ODE4MyAxLjMzNDc5IDkuMzUwMDIgMS4zMzQ3OVoiIGZpbGw9IiMzNDZBRkYiLz4KPC9zdmc+);
    background-position: 7px 8px;
    background-size: 17px;
    background-repeat: no-repeat;
}

.add-to-cart__icon.disabled {
    background-image: url(data:image/svg+xml;base64,PHN2ZyB3aWR0aD0iMTYiIGhlaWdodD0iMTciIHZpZXdCb3g9IjAgMCAxNiAxNyIgZmlsbD0ibm9uZSIgeG1sbnM9Imh0dHA6Ly93d3cudzMub3JnLzIwMDAvc3ZnIj4KPHBhdGggZmlsbC1ydWxlPSJldmVub2RkIiBjbGlwLXJ1bGU9ImV2ZW5vZGQiIGQ9Ik0zLjU2NTkxIDEuNTE2M0MzLjM0MzI5IDAuNjI1OTk2IDIuNTQzMzUgMC4wMDE0NjQ4NCAxLjYyNTYzIDAuMDAxNDY0ODRIMC42NjY2NjdMMC41ODg5MTkgMC4wMDU5NUMwLjI1NzM2IDAuMDQ0NDYwMSAwIDAuMzI2MjQxIDAgMC42NjgxMzJDMCAxLjAzNjMyIDAuMjk4NDc3IDEuMzM0OCAwLjY2NjY2NyAxLjMzNDhIMS42MjU2M0wxLjcwMTIxIDEuMzM5MDdDMS45NzQ2NyAxLjM3MDExIDIuMjA0MzkgMS41Njc3MSAyLjI3MjQxIDEuODM5NzZMMi4yNzI0MyAxLjgzOTg0TDQuMTAwNzggOS4xNTMxOUw0LjEzMzA0IDkuMjY3NzhDNC4zOTMxMSAxMC4wOTY2IDUuMTYzMjEgMTAuNjY4MSA2LjA0MTA0IDEwLjY2ODFIMTIuOTA2OUwxMy4wMjU0IDEwLjY2NDdDMTMuOTI3NiAxMC42MTE2IDE0LjY4ODkgOS45NTYyMyAxNC44NjgxIDkuMDYwMzNMMTUuOTg3MSAzLjQ2NTU0TDE1Ljk5NzkgMy4zODg0M0MxNi4wMjUyIDMuMDU1NzUgMTUuNzk5MyAyLjc0ODEzIDE1LjQ2NDEgMi42ODEwOEMxNS4xMDMgMi42MDg4NyAxNC43NTE4IDIuODQzMDEgMTQuNjc5NiAzLjIwNDA1TDEzLjU2MDcgOC43OTg4NUwxMy41NDA4IDguODc0ODZDMTMuNDUyNCA5LjE0NjMxIDEzLjE5ODIgOS4zMzQ4IDEyLjkwNjkgOS4zMzQ4SDYuMDQxMDRMNS45NjU0NyA5LjMzMDUzQzUuNjkyMDQgOS4yOTk0OCA1LjQ2MjMgOS4xMDE4NiA1LjM5NDMxIDguODI5ODNMMy41NjU5MyAxLjUxNjM3TDMuNTY1OTEgMS41MTYzWk01LjUwMDAxIDExLjY2ODFDNC4zMDMzOSAxMS42NjgxIDMuMzMzMzUgMTIuNjM4MiAzLjMzMzM1IDEzLjgzNDhDMy4zMzMzNSAxNS4wMzE0IDQuMzAzMzkgMTYuMDAxNSA1LjUwMDAxIDE2LjAwMTVDNi42OTY2NCAxNi4wMDE1IDcuNjY2NjggMTUuMDMxNCA3LjY2NjY4IDEzLjgzNDhDNy42NjY2OCAxMi42MzgyIDYuNjk2NjQgMTEuNjY4MSA1LjUwMDAxIDExLjY2ODFaTTUuNTAwMDEgMTMuMDAxNUM1Ljk2MDI2IDEzLjAwMTUgNi4zMzMzNSAxMy4zNzQ1IDYuMzMzMzUgMTMuODM0OEM2LjMzMzM1IDE0LjI5NSA1Ljk2MDI2IDE0LjY2ODEgNS41MDAwMSAxNC42NjgxQzUuMDM5NzcgMTQuNjY4MSA0LjY2NjY4IDE0LjI5NSA0LjY2NjY4IDEzLjgzNDhDNC42NjY2OCAxMy4zNzQ1IDUuMDM5NzcgMTMuMDAxNSA1LjUwMDAxIDEzLjAwMTVaTTEzLjE2NjcgMTEuNjY4MUMxMS45NzAxIDExLjY2ODEgMTEgMTIuNjM4MiAxMSAxMy44MzQ4QzExIDE1LjAzMTQgMTEuOTcwMSAxNi4wMDE1IDEzLjE2NjcgMTYuMDAxNUMxNC4zNjMzIDE2LjAwMTUgMTUuMzMzMyAxNS4wMzE0IDE1LjMzMzMgMTMuODM0OEMxNS4zMzMzIDEyLjYzODIgMTQuMzYzMyAxMS42NjgxIDEzLjE2NjcgMTEuNjY4MVpNMTMuMTY2NyAxMy4wMDE1QzEzLjYyNjkgMTMuMDAxNSAxNCAxMy4zNzQ1IDE0IDEzLjgzNDhDMTQgMTQuMjk1IDEzLjYyNjkgMTQuNjY4MSAxMy4xNjY3IDE0LjY2ODFDMTIuNzA2NCAxNC42NjgxIDEyLjMzMzMgMTQuMjk1IDEyLjMzMzMgMTMuODM0OEMxMi4zMzMzIDEzLjM3NDUgMTIuNzA2NCAxMy4wMDE1IDEzLjE2NjcgMTMuMDAxNVpNOS4zNTAwMiAxLjMzNDc5QzkuNjkxOTEgMS4zMzQ3OSA5Ljk3MzY5IDEuNTkyMTUgMTAuMDEyMiAxLjkyMzcxTDEwLjAxNjcgMi4wMDE0NVY0LjAxODEySDEyQzEyLjM2ODIgNC4wMTgxMiAxMi42NjY3IDQuMzE2NiAxMi42NjY3IDQuNjg0NzlDMTIuNjY2NyA1LjAyNjY4IDEyLjQwOTMgNS4zMDg0NiAxMi4wNzc4IDUuMzQ2OTdMMTIgNS4zNTE0NkgxMC4wMTY3VjcuMzM0NzlDMTAuMDE2NyA3LjcwMjk4IDkuNzE4MiA4LjAwMTQ2IDkuMzUwMDIgOC4wMDE0NkM5LjAwODEyIDguMDAxNDYgOC43MjYzNCA3Ljc0NDA5IDguNjg3ODMgNy40MTI1NEw4LjY4MzM1IDcuMzM0NzlWNS4zNTE0Nkg2LjY2NjY4QzYuMjk4NDkgNS4zNTE0NiA2LjAwMDAyIDUuMDUyOTggNi4wMDAwMiA0LjY4NDc5QzYuMDAwMDIgNC4zNDI5IDYuMjU3MzggNC4wNjExMiA2LjU4ODkzIDQuMDIyNjFMNi42NjY2OCA0LjAxODEySDguNjgzMzVWMi4wMDE0NUM4LjY4MzM1IDEuNjMzMjcgOC45ODE4MyAxLjMzNDc5IDkuMzUwMDIgMS4zMzQ3OVoiIGZpbGw9IiNBQUI1QzAiLz4KPC9zdmc+);
}

.add-to-cart__quantity {
    position: absolute;
    left: 17px;
    top: -8px;
    width: 20px;
    height: 20px;
    border-radius: 10px;
    background: #346aff;
    color: #ffffff;
    font-weight: 700;
    font-size: 11px;
    vertical-align: middle;
    text-align: center;
    display: flex;
    align-items: center;
    justify-content: center;
    opacity: 1;
    transition: opacity 0.25s linear;
}

.add-to-cart__quantity.hide {
    opacity: 0;
}

.add-to-cart__quantity.disabled {
    background: #aab5c0;
}

.dco-preview-sdp-button {
    position: relative;
    display: block;
    background: #fff;
    overflow: hidden;
    min-width: 32px;
    box-shadow: 0px 2px 2px rgba(0, 0, 0, 0.12), 0px 3px 1px -2px rgba(0, 0, 0, 0.1), 0px 1px 4px rgba(0, 0, 0, 0.16);
}

.preview-button-child-node {
    position: absolute;
    top: 50%;
    right: 7px;
    left: auto;
    bottom: auto;
    display: block;
    white-space: nowrap;
    min-width: 32px;
    z-index: 1;
}

.preview-button-child-node span {
    float: left;
}

.preview-sdp-icon {
    width: 18px;
    height: 14px;
    float: right;
}

.preview-button-last-item {
    margin-right: 4px;
}

.hidden-preview-button-text span {
    opacity: 0;
}

.rich-label-wrapper {
    overflow: hidden;
    display: -webkit-box !important;
    -webkit-box-orient: vertical;
}

.rich-label-child {
    display: inline;
    width: fit-content;
    min-width: fit-content;
};
</style><style type="text/css">.hover-style-B:hover{box-shadow:0px 0px 20px 0px rgba(0,0,0,.1019607843) !important}.hover-style-B:hover .product-title{-webkit-text-decoration:underline;text-decoration:underline}.hover-style-C .main-image{scale:1;transition:all .2s ease;--o-transition: all .2s ease;--ms-transition: all .2s ease;--moz-transition: all .2s ease;--webkit-transition: all .2s ease}.hover-style-C:hover .main-image{scale:1.1}.hover-style-C:hover .product-title{-webkit-text-decoration:underline;text-decoration:underline}.hover-style-C .thumbnail-image-container img{scale:1;transition:all .2s ease;--o-transition: all .2s ease;--ms-transition: all .2s ease;--moz-transition: all .2s ease;--webkit-transition: all .2s ease}.hover-style-C:hover .thumbnail-image-container img{scale:1.1}.hover-style-D:hover{box-shadow:0px 0px 20px 0px rgba(0,0,0,.1019607843) !important}.hover-style-D:hover .product-title{color:#346aff !important}.hover-style-E .main-image{scale:1;transition:all .2s ease;--o-transition: all .2s ease;--ms-transition: all .2s ease;--moz-transition: all .2s ease;--webkit-transition: all .2s ease}.hover-style-E:hover .main-image{scale:1.1}.hover-style-E:hover .product-title{color:#346aff !important}.hover-style-E .thumbnail-image-container img{scale:1;transition:all .2s ease;--o-transition: all .2s ease;--ms-transition: all .2s ease;--moz-transition: all .2s ease;--webkit-transition: all .2s ease}.hover-style-E:hover .thumbnail-image-container img{scale:1.1}</style><style type="text/css">.ads-skeleton{display:flex}.dco-carousel-skeleton{padding:16px;overflow:hidden;background-color:#fff}.ads-skeleton{background:linear-gradient(120deg, #F1F4F6 30%, #EAEDF0 38%, #EAEDF0 40%, #F1F4F6 50%);background-size:200% 100%;background-position:100% 0;animation:load2 1s infinite}.ads-skeleton-text{background:linear-gradient(120deg, #F1F4F6 30%, #EAEDF0 38%, #EAEDF0 40%, #F1F4F6 50%);background-size:200% 100%;background-position:100% 0;animation:load2 2s infinite}.carousel-section{overflow:visible;display:inline-flex}.carousel-item{width:40vw;max-width:140px}.skeleton{background:#f1f4f6}@keyframes loadTitle{0%{background-color:#f1f4f6;animation-timing-function:cubic-bezier(0.65, -0.3, 0.35, 1.3)}50%{background-color:#eaedf0;animation-timing-function:cubic-bezier(0.65, -0.3, 0.35, 1.3)}100%{background-color:#f1f4f6;animation-timing-function:cubic-bezier(0.65, -0.3, 0.35, 1.3)}}@keyframes load{0%{background-color:#eaedf0;animation-timing-function:cubic-bezier(0.65, -0.3, 0.35, 1.3)}50%{background-color:#f1f4f6;animation-timing-function:cubic-bezier(0.65, -0.3, 0.35, 1.3)}100%{background-color:#eaedf0;animation-timing-function:cubic-bezier(0.65, -0.3, 0.35, 1.3)}}@keyframes load2{0%{background-position:100%;animation-timing-function:cubic-bezier(0, 0, 1, 1)}100%{background-position:-100%;animation-timing-function:cubic-bezier(0, 0, 1, 1)}}</style></head><body class="fw-font-apple-gothic" data-domain="SDP" data-product-id="9007354491" style="overflow: auto;"><div hidden=""><!--$--><!--/$--></div><div><div id="wa-config" data-currency="__원" data-arrow-left="https://front.coupangcdn.com/front-web-next/_next/static/media/arrow_left.128503b7.png" data-t="{&quot;94b7db&quot;:&quot;닫기&quot;,&quot;ff1379&quot;:&quot;삭제가 안됐나요? 다시 한번 해보세요.&quot;,&quot;52624c&quot;:&quot;최근본 상품이&quot;,&quot;7779d6&quot;:&quot;없습니다.&quot;,&quot;2d47c8&quot;:&quot;다시 시도해 주세요.&quot;,&quot;back&quot;:&quot;뒤로가기&quot;,&quot;4b8d54&quot;:&quot;검색&quot;,&quot;990d4f&quot;:&quot;마이크&quot;,&quot;2bdfeb&quot;:&quot;최근검색어켜기&quot;,&quot;c8917d&quot;:&quot;최근검색어끄기&quot;,&quot;fd74f0&quot;:&quot;검색어&quot;,&quot;8124e8&quot;:&quot;최근&quot;,&quot;fc81e2&quot;:&quot;삭제&quot;,&quot;f3dc4f&quot;:&quot;최근 검색어 저장 기능이 꺼져 있습니다.&quot;,&quot;4bcb41&quot;:&quot;여행/티켓&quot;,&quot;0037c7&quot;:&quot;테마관&quot;,&quot;6e50be&quot;:&quot;더보기&quot;,&quot;a4b69f&quot;:&quot;전체&quot;}" data-search-uri="/np/search" data-web-domain="https://www.coupang.com" data-apply-app-redirection="1"></div><div id="wa-header" class="fw-font-apple-gothic  fw-bg-white s600:fw-static "><div class="fw-bg-[#f0f0f0] " id="wa-top-bar"><div style="max-width:1500px" class="fw-m-auto fw-w-full fw-text-[11px]"><menu class="fw-relative fw-float-right *:fw-float-right *:fw-h-[33px] *:fw-pr-[12px] *:fw-pt-[10px]"><li class="fw-hidden s600:fw-block"><a href="https://wing.coupang.com/tenants/vendor-signup/signup?utm_source=button_pc_coupang_app_category_3&amp;utm_medium=non_paid&amp;utm_id=onsite_ca&amp;utm_content=20240328">판매자 가입</a></li><li class="cs-center fw-group fw-relative"><a href="https://mc.coupang.com/ssr/desktop/contact/faq" data-log="{ id: 'customer_center'}">고객센터</a><p class="fw-hidden group-hover:fw-block" style="z-index:9999"><a href="https://mc.coupang.com/ssr/desktop/contact/faq" data-log="{ id:'customer_center_1' }">자주묻는 질문</a><a href="https://mc.coupang.com/ssr/desktop/contact/inquiry" data-log="{ id:'customer_center_3' }">1:1 채팅문의</a><a href="https://mc.coupang.com/ssr/desktop/contact/voc" data-log="{ id:'customer_center_2' }">고객의 소리</a><a href="https://www.coupang.com/returnPolicy.pang" data-log="{ id:'customer_center_4' }">취소 / 반품 안내</a></p></li><li><a href="https://login.coupang.com/login/memberJoinFrm.pang" title="회원가입">회원가입</a></li><li><a href="https://login.coupang.com/login/login.pang?rtnUrl=https%3A%2F%2Fwww.coupang.com%2Fnp%2Fpost%2Flogin%3Fr%3Dhttp%253A%252F%252Fwww.coupang.com%252Fvp%252Fproducts%252F9007354491" title="로그인">로그인</a></li></menu><menu id="subscribeHeader" class="fw-hidden s600:fw-block"><li class="new-header"><a id="wa-bookmark" data-msg="Ctrl+D 키를 누르면 즐겨찾기에 추가하실 수 있습니다." class="bookmark" data-log="{ id: &quot;add_to_favorites&quot; }">즐겨찾기</a></li><li class="vendor-join"><a class="dropdown_menu_flag">입점신청<i class="ic"></i></a><p class="vendor-join-menu fw-hidden" style="z-index:9999"><a href="https://marketplace.coupangcorp.com/s/?utm_source=button_pc&amp;utm_medium=non_paid&amp;utm_campaign=onsite_ca&amp;utm_id=coupang_app" data-log="{ id:'seller_page' }" target="_blank">오픈마켓</a><a href="https://with.coupang.com/contract/initialize" data-log="{ id:'travel_seller_page' }" target="_blank">여행·티켓</a><a href="https://supplier.coupang.com/welcome/join" data-log="{ id:'rocket_seller_page' }" target="_blank">로켓배송</a><a href="https://partners.coupang.com" data-log="{ id:'affiliate_marketing_page' }" target="_blank">제휴마케팅</a><a href="https://sell.coupang.com?utm_source=web_button_pc_rg&amp;utm_medium=referral&amp;utm_campaign=onsite_lead&amp;utm_id=coupang_web?inflow=WEB_HEADER_B" data-log="{ id:'rocketGrowth' }" target="_blank">로켓그로스</a></p></li></menu><div class="fw-invisible fw-clear-both fw-h-[0px]">.</div></div></div><div><select id="wa-category-select" name="component" class="searchCategories search_category_filter fw-hidden"><option value="" data-text="전체">전체</option></select><div style="max-width:1500px" class="fw-mx-auto fw-flex fw-w-full fw-items-center fw-pr-[5px] max-s1024:rlux:fw-bg-[#131516]"><div id="wa-category" class="fw-relative fw-flex fw-h-[48px] fw-w-[48px] fw-cursor-pointer fw-flex-col fw-items-center fw-justify-center fw-bg-[#346aff] rlux:fw-bg-[#131516] s1024:fw-h-[119px] s1024:fw-w-[110px]"><div class="fw-flex fw-h-[24px] fw-w-[24px] fw-flex-col fw-items-center fw-justify-around s1024:fw-h-[28px] s1024:fw-w-[28px]"><div class="fw-h-[1px] fw-w-full fw-bg-white s1024:fw-h-[4px]"></div><div class="fw-h-[1px] fw-w-full fw-bg-white s1024:fw-h-[4px]"></div><div class="fw-h-[1px] fw-w-full fw-bg-white s1024:fw-h-[4px]"></div></div><div class="fw-mt-[15px] fw-hidden fw-w-[45px] fw-text-center fw-text-[13px] fw-font-normal fw-leading-none fw-text-white s1024:fw-block">카테고리</div><div class="category-layer" id="wa-pc-category" data-icons="https://front.coupangcdn.com/front-web-next/_next/static/media/icons.03b3790b.png" style="z-index:9999"><div class="fw-hidden">쇼핑</div><ul class="menu shopping-menu-list fd"></ul><div class="fw-hidden">티켓</div><ul class="menu ticket-menu-list fd"></ul><div class="fw-hidden">테마관</div><ul class="menu theme-menu-list menu-divider fd fw-hidden"></ul><ul class="menu ingress-menu-list fd"><li class="ingress-point"><a href="https://wing.coupang.com/tenants/vendor-signup/signup?utm_source=button_pc_coupang_app_category_3&amp;utm_medium=non_paid&amp;utm_id=onsite_ca&amp;utm_content=20240328" data-el="seller_signup" data-text="입점/판매 신청" style="background-image: url(&quot;https://front.coupangcdn.com/front-web-next/_next/static/media/icons.03b3790b.png&quot;);">입점/판매 신청</a></li></ul><div class="loader-wrapper"><span class="loader"></span></div></div><div class="fw-absolute fw-left-0 fw-top-[114px] fw-z-10 fw-hidden fw-w-[220px] fw-overflow-auto fw-bg-white fw-shadow-md" id="wa-mobile-category" style="z-index:9999"><div id="wa-mobile-category-language"></div><div id="wa-category-list-wrap"></div><div id="wa-mobile-category-app-links"></div><div class="loader-wrapper"><span class="loader"></span></div></div></div><div class="fw-flex fw-flex-1 fw-flex-col max-s1024:fw-h-[48px]"><div class="fw-ml-[16px] fw-flex fw-items-center fw-justify-between max-s1024:fw-h-[48px] s1024:fw-ml-[30px] s1024:fw-mt-[20px]"><a href="https://www.coupang.com" class="fw-mr-[25px] fw-inline-block fw-flex-none"><img loading="lazy" class="fw-h-[23px] fw-w-[101px] s1024:fw-h-[36px] s1024:fw-w-[154px]" src="//image7.coupangcdn.com/image/coupang/common/logo_coupang_w350.png" alt="Coupang"></a><form id="wa-search-form" class="product-search search-form fw-flex fw-flex-1 fw-items-center fw-border-0 fw-hidden s1024:fw-flex fw-border-2 rlux:fw-border-bluegray-1000" action="/np/search"><select name="component" class="searchCategories search_category_filter fw-hidden" sb="42590124" style="display: none;"><option value="" data-text="전체">전체</option></select><div class="select--category fw-w-[90px] s500:fw-w-[135px]" id="sbHolder_42590124"><span class="select--category--button" id="sbToggle_42590124" href="#"></span><a class="select--category__current rlux:fw-text-bluegray-800" id="sbSelector_42590124" href="#">전체</a><ul id="sbOptions_42590124" class="select--category--option" style="display: none; z-index: 9970;"><li class="last"><a href="#" rel="" class="select--category--option__focused">전체</a></li>
          <div class="loader-wrapper">
            <span class="loader"></span>
          </div>
        </ul></div><div class="header-searchForm fw-relative fw-flex-1"><input type="text" maxlength="49" placeholder="찾고 싶은 상품을 검색해보세요!" class="headerSearchKeyword coupang-search fw-h-full fw-w-full fw-bg-white fw-indent-[10px] fw-text-[14px] fw-outline-none rlux:fw-text-bluegray-1000 rlux:placeholder:fw-text-bluegray-800 ad-keyword is-speech" title="쿠팡 상품 검색" autocomplete="off" name="q" value=""><input type="hidden" name="traceId"><div class="headerPopupWords popularity-words" style="z-index: 9999; display: none;"><div class="autocomplete_wrap"></div><div class="history-btns"><span class="delete-all-kwdhistory del-button">전체삭제</span><span class="history-on-off on">최근검색어끄기</span></div></div></div><a class="speech-mic fw-mr-[12px] fw-hidden fw-flex-none fw-cursor-pointer" style="display: inline-block;"></a><button type="submit" class="headerSearchBtn fw-mr-[12px] fw-inline-block fw-flex-none" title="검색"><img loading="lazy" alt="" width="20" height="21" src="https://front.coupangcdn.com/front-web-next/_next/static/media/search.85cd3dbf.png"></button><input type="hidden" name="channel" value="user"></form><ul class="icon-menus fw-flex"><li class="my-coupang fw-group fw-relative fw-mx-[24px] fw-flex fw-items-center"><a id="wa-mycoupang-link" href="https://mc.coupang.com/ssr/desktop/order/list" data-log="{ id: 'mycoupang'}"><img loading="lazy" alt="" class="fw-h-[36px] fw-w-[36px] s1024:fw-h-[44px] s1024:fw-w-[44px]" src="https://front.coupangcdn.com/front-web-next/_next/static/media/person.07e45e52.png"><div class="fw-hidden fw-text-center s1024:fw-block">마이쿠팡</div></a><p class="my-coupang-menu fw-top-[29px] fw-hidden group-hover:fw-block s1024:fw-top-[52px]" style="z-index:9999"><span class="wrapper"><i class="arrow"></i><a href="https://mc.coupang.com/ssr/desktop/order/list" data-log="{ id: 'mycoupang_1'}">주문목록</a><a href="https://mc.coupang.com/ssr/desktop/cancel-return-exchange/list" data-log="{ id: 'mycoupang_2'}">취소/반품</a><a href="//wish-web.coupang.com/wishInitView.pang" data-log="{ id: 'mycoupang_4'}">찜 리스트</a></span></p></li><li class="cart w-mr-0 fw-relative fw-flex s1024:fw-mr-[10px]" id="wa-cart-menu"><a id="wa-cart-link" href="//cart.coupang.com/cartView.pang" data-log="{ id: 'cart' }"><img loading="lazy" src="https://front.coupangcdn.com/front-web-next/_next/static/media/cart.ccef8f9e.png" class="fw-h-[36px] fw-w-[36px] s1024:fw-h-[44px] s1024:fw-w-[44px]" alt=""><em id="headerCartCount" class="fw-right-[-4px] fw-top-[-4px]">0</em><div class="fw-hidden fw-text-center s1024:fw-block">장바구니</div></a><div class="fw-top-[29px] fw-hidden s1024:fw-top-[52px]" style="z-index: 9999; display: none;" id="wa-cart-preview"><span class="wrapper"><i class="arrow"></i><div id="wa-cart-content"></div><div id="wa-cart-empty" style="display: block;"><ul><li class="empty-cart">장바구니에 담긴 상품이 없습니다.</li></ul></div><a href="//cart.coupang.com/cartView.pang" id="wa-cart-btn" style="display: none;"><span><span>장바구니 전체보기</span><i class="blue-arrow"></i></span></a></span></div></li></ul></div><div class="fw-mt-[8px] fw-hidden fw-items-center fw-justify-between s1024:fw-flex"><div id="quick-category-pc" class=" gnb-menu-container fw-hidden fw-pl-[20px] s600:fw-block" style="padding-left: 32px; padding-right: 32px;"><a class="gnb-menu-btn gnb-menu-btn-left" tabindex="0" style="display: flex;"><span></span></a><div class="fw-w-0"><ul class="gnb-menu-scroll gnb-menu-animation" style="width: 1161px; left: 0px;"><li class="gnb-menu-item"><a href="https://www.coupangplay.com/catalog" class="" data-log="{ id:'gnb_menu_item_GNB_V2', param:{sectionId:'coupangplay'} }" target="_blank"><img loading="lazy" class="gnb-menu-item__icon" alt="쿠팡플레이" src="https://image7.coupangcdn.com/image/coupang/home/icons/web/kr/coupang-play.png"><span>쿠팡플레이</span></a></li><li class="gnb-menu-item"><a href="https://www.coupang.com/np/campaigns/82" class="" data-log="{ id:'gnb_menu_item_GNB_V2', param:{sectionId:'rocketdelivery'} }"><img loading="lazy" class="gnb-menu-item__icon" alt="로켓배송" src="https://image8.coupangcdn.com/image/coupang/home/icons/web/kr/rocket-delivery.png"><span>로켓배송</span></a></li><li class="gnb-menu-item"><a href="https://www.coupang.com/np/categories/393760" class="" data-log="{ id:'gnb_menu_item_GNB_V2', param:{sectionId:'rocketfresh'} }"><img loading="lazy" class="gnb-menu-item__icon" alt="로켓프레시" src="https://image7.coupangcdn.com/image/coupang/home/icons/web/kr/rocket-fresh.png"><span>로켓프레시</span></a></li><li class="gnb-menu-item"><a href="https://pages.coupang.com/p/152978" class="" data-log="{ id:'gnb_menu_item_GNB_V2', param:{sectionId:'null'} }"><img loading="lazy" class="gnb-menu-item__icon" alt="2025 추석" src="https://image9.coupangcdn.com/image/coupang/home/icons/csk2025/pc-web.png"><span>2025 추석</span><i class="in " data-new-tag-exposure-mills="0"></i></a></li><li class="gnb-menu-item"><a href="https://www.coupang.com/np/fbi?sourceType=home_section_fbi" class="" data-log="{ id:'gnb_menu_item_GNB_V2', param:{sectionId:'frequent_buy_item'} }"><img loading="lazy" class="gnb-menu-item__icon" alt="다시 구매" src="https://image10.coupangcdn.com/image/coupang/common/fbi_icon_3x.png"><span>다시 구매</span><i class="in in-exposure" data-new-tag-exposure-mills="2592000000"></i></a></li><li class="gnb-menu-item"><a href="https://login.coupang.com/corporation/member/landing-page" class="" data-log="{ id:'gnb_menu_item_GNB_V2', param:{sectionId:'businessmall_landing'} }"><img loading="lazy" class="gnb-menu-item__icon" alt="쿠팡비즈" src="https://image6.coupangcdn.com/image/coupang/home/icons/web/kr/biz.png"><span>쿠팡비즈</span></a></li><li class="gnb-menu-item"><a href="https://www.coupang.com/np/coupangglobal" class="" data-log="{ id:'gnb_menu_item_GNB_V2', param:{sectionId:'coupangglobal'} }"><img loading="lazy" class="gnb-menu-item__icon" alt="로켓직구" src="https://image10.coupangcdn.com/image/coupang/home/icons/web/kr/oversea-delivery.png"><span>로켓직구</span></a></li><li class="gnb-menu-item"><a href="https://pages.coupang.com/p/121237?sourceType=gm_crm_goldbox&amp;subSourceType=gm_crm_gwsrtcut" class="" data-log="{ id:'gnb_menu_item_GNB_V2', param:{sectionId:'gold_box'} }"><img loading="lazy" class="gnb-menu-item__icon" alt="골드박스" src="https://image8.coupangcdn.com/image/coupang/home/icons/web/kr/gold-box.png"><span>골드박스</span></a></li><li class="gnb-menu-item"><a href="https://pages.coupang.com/p/136938" class="" data-log="{ id:'gnb_menu_item_GNB_V2', param:{sectionId:'NEW_ITEM'} }"><img loading="lazy" class="gnb-menu-item__icon" alt="이달의신상" src="https://image8.coupangcdn.com/image/coupang/home/icons/web/kr/new-item-of-month.png"><span>이달의신상</span></a></li><li class="gnb-menu-item"><a href="https://www.coupang.com/np/omp" class="" data-log="{ id:'gnb_menu_item_GNB_V2', param:{sectionId:'OMP'} }"><img loading="lazy" class="gnb-menu-item__icon" alt="판매자특가" src="https://image7.coupangcdn.com/image/coupang/home/icons/web/kr/omp.png"><span>판매자특가</span></a></li><li class="gnb-menu-item"><a href="https://www.coupang.com/np/campaigns/83" class="" data-log="{ id:'gnb_menu_item_GNB_V2', param:{sectionId:'subscription'} }"><img loading="lazy" class="gnb-menu-item__icon" alt="와우회원할인" src="https://image6.coupangcdn.com/image/coupang/home/icons/web/kr/wow.png"><span>와우회원할인</span></a></li><li class="gnb-menu-item"><a href="https://www.coupang.com/np/coupangbenefit" class="" data-log="{ id:'gnb_menu_item_GNB_V2', param:{sectionId:'coupangbenefit'} }"><img loading="lazy" class="gnb-menu-item__icon" alt="이벤트/쿠폰" src="https://image8.coupangcdn.com/image/coupang/home/icons/web/kr/benefit.png"><span>이벤트/쿠폰</span></a></li><li class="gnb-menu-item"><a href="https://pages.coupang.com/p/54908" class="" data-log="{ id:'gnb_menu_item_GNB_V2', param:{sectionId:'WAREHOUSE'} }"><img loading="lazy" class="gnb-menu-item__icon" alt="반품마켓" src="https://image7.coupangcdn.com/image/coupang/home/icons/web/kr/returned-market.png"><span>반품마켓</span></a></li><li class="gnb-menu-item"><a href="https://pages.coupang.com/p/63240" class="" data-log="{ id:'gnb_menu_item_GNB_V2', param:{sectionId:'GOOD_MARKET'} }"><img loading="lazy" class="gnb-menu-item__icon" alt="착한상점" src="https://image6.coupangcdn.com/image/coupang/home/icons/web/kr/sustainable-market.png"><span>착한상점</span><i class="in " data-new-tag-exposure-mills="0"></i></a></li><li class="gnb-menu-item"><a href="https://pages.coupang.com/p/bep?sourceType=gm_crm_oms&amp;subSourceType=gm_crm_gwsrtcut" class="" data-log="{ id:'gnb_menu_item_GNB_V2', param:{sectionId:'exhibition'} }"><img loading="lazy" class="gnb-menu-item__icon" alt="기획전" src="https://image6.coupangcdn.com/image/coupang/home/icons/web/kr/event.png"><span>기획전</span></a></li><li class="gnb-menu-item"><a href="https://trip.coupang.com/?channel=gnb" class="" data-log="{ id:'gnb_menu_item_GNB_V2', param:{sectionId:'TRAVEL'} }"><img loading="lazy" class="gnb-menu-item__icon" alt="쿠팡트래블" src="https://image6.coupangcdn.com/image/coupang/home/icons/web/kr/travel.png"><span>쿠팡트래블</span><i class="in " data-new-tag-exposure-mills="0"></i></a></li><li class="gnb-menu-item"><a href="https://wing.coupang.com/tenants/vendor-signup/signup?utm_source=button_pc_coupang_shortcut_1&amp;utm_medium=non_paid&amp;utm_id=onsite_ca&amp;utm_content=202411" class="" data-log="{ id:'gnb_menu_item_GNB_V2', param:{sectionId:'SELL_ON_COUPANG'} }"><img loading="lazy" class="gnb-menu-item__icon" alt="입점신청" src="https://image8.coupangcdn.com/image/coupang/home/icons/web/kr/sell-on-coupang.png"><span>입점신청</span></a></li></ul></div><a class="gnb-menu-btn gnb-menu-btn-right gnb-menu-btn-active" tabindex="0" style="display: flex;"><span></span></a></div></div></div></div><div class="fw-block fw-border-b-[1px] fw-border-t-[1px] fw-border-[#C4CDD5] fw-p-[10px] s1024:fw-hidden"><form id="wa-search-form-tablet" class="product-search search-form fw-flex fw-flex-1 fw-items-center fw-border-0  fw-border-2 rlux:fw-border-bluegray-1000" action="/np/search"><div class="select--category fw-w-[90px] s500:fw-w-[135px]"><span class="select--category--button"></span><a class="select--category__current rlux:fw-text-bluegray-800" id="currentCategoryText">전체</a></div><div class="header-searchForm fw-relative fw-flex-1"><input type="text" maxlength="49" placeholder="찾고 싶은 상품을 검색해보세요!" class="headerSearchKeyword coupang-search fw-h-full fw-w-full fw-bg-white fw-indent-[10px] fw-text-[14px] fw-outline-none rlux:fw-text-bluegray-1000 rlux:placeholder:fw-text-bluegray-800" title="쿠팡 상품 검색" autocomplete="off" name="q" value=""><input type="hidden" name="traceId"><div class="headerPopupWords popularity-words" style="z-index:9999"><div class="autocomplete_wrap"></div><div class="history-btns"><span class="delete-all-kwdhistory del-button">전체삭제</span><span class="history-on-off on">최근검색어끄기</span></div></div></div><a class="speech-mic fw-mr-[12px] fw-hidden fw-flex-none fw-cursor-pointer"></a><button type="submit" class="headerSearchBtn fw-mr-[12px] fw-inline-block fw-flex-none" title="검색"><img loading="lazy" alt="" width="20" height="21" src="https://front.coupangcdn.com/front-web-next/_next/static/media/search.85cd3dbf.png"></button><input type="hidden" name="channel" value="user"></form></div><div class="fw-mt-[8px] fw-hidden fw-items-center fw-justify-between s768:fw-flex s1024:fw-hidden"><div id="quick-category-tablet" class=" gnb-menu-container fw-hidden fw-pl-[20px] s600:fw-block"><a class="gnb-menu-btn gnb-menu-btn-left" tabindex="0" style="display: flex;"><span></span></a><div class="fw-w-0"><ul class="gnb-menu-scroll"><li class="gnb-menu-item"><a href="https://www.coupangplay.com/catalog" class="" data-log="{ id:'gnb_menu_item_GNB_V2', param:{sectionId:'coupangplay'} }" target="_blank"><img loading="lazy" class="gnb-menu-item__icon" alt="쿠팡플레이" src="https://image7.coupangcdn.com/image/coupang/home/icons/web/kr/coupang-play.png"><span>쿠팡플레이</span></a></li><li class="gnb-menu-item"><a href="https://www.coupang.com/np/campaigns/82" class="" data-log="{ id:'gnb_menu_item_GNB_V2', param:{sectionId:'rocketdelivery'} }"><img loading="lazy" class="gnb-menu-item__icon" alt="로켓배송" src="https://image8.coupangcdn.com/image/coupang/home/icons/web/kr/rocket-delivery.png"><span>로켓배송</span></a></li><li class="gnb-menu-item"><a href="https://www.coupang.com/np/categories/393760" class="" data-log="{ id:'gnb_menu_item_GNB_V2', param:{sectionId:'rocketfresh'} }"><img loading="lazy" class="gnb-menu-item__icon" alt="로켓프레시" src="https://image7.coupangcdn.com/image/coupang/home/icons/web/kr/rocket-fresh.png"><span>로켓프레시</span></a></li><li class="gnb-menu-item"><a href="https://pages.coupang.com/p/152978" class="" data-log="{ id:'gnb_menu_item_GNB_V2', param:{sectionId:'null'} }"><img loading="lazy" class="gnb-menu-item__icon" alt="2025 추석" src="https://image9.coupangcdn.com/image/coupang/home/icons/csk2025/pc-web.png"><span>2025 추석</span><i class="in " data-new-tag-exposure-mills="0"></i></a></li><li class="gnb-menu-item"><a href="https://www.coupang.com/np/fbi?sourceType=home_section_fbi" class="" data-log="{ id:'gnb_menu_item_GNB_V2', param:{sectionId:'frequent_buy_item'} }"><img loading="lazy" class="gnb-menu-item__icon" alt="다시 구매" src="https://image10.coupangcdn.com/image/coupang/common/fbi_icon_3x.png"><span>다시 구매</span><i class="in in-exposure" data-new-tag-exposure-mills="2592000000"></i></a></li><li class="gnb-menu-item"><a href="https://login.coupang.com/corporation/member/landing-page" class="" data-log="{ id:'gnb_menu_item_GNB_V2', param:{sectionId:'businessmall_landing'} }"><img loading="lazy" class="gnb-menu-item__icon" alt="쿠팡비즈" src="https://image6.coupangcdn.com/image/coupang/home/icons/web/kr/biz.png"><span>쿠팡비즈</span></a></li><li class="gnb-menu-item"><a href="https://www.coupang.com/np/coupangglobal" class="" data-log="{ id:'gnb_menu_item_GNB_V2', param:{sectionId:'coupangglobal'} }"><img loading="lazy" class="gnb-menu-item__icon" alt="로켓직구" src="https://image10.coupangcdn.com/image/coupang/home/icons/web/kr/oversea-delivery.png"><span>로켓직구</span></a></li><li class="gnb-menu-item"><a href="https://pages.coupang.com/p/121237?sourceType=gm_crm_goldbox&amp;subSourceType=gm_crm_gwsrtcut" class="" data-log="{ id:'gnb_menu_item_GNB_V2', param:{sectionId:'gold_box'} }"><img loading="lazy" class="gnb-menu-item__icon" alt="골드박스" src="https://image8.coupangcdn.com/image/coupang/home/icons/web/kr/gold-box.png"><span>골드박스</span></a></li><li class="gnb-menu-item"><a href="https://pages.coupang.com/p/136938" class="" data-log="{ id:'gnb_menu_item_GNB_V2', param:{sectionId:'NEW_ITEM'} }"><img loading="lazy" class="gnb-menu-item__icon" alt="이달의신상" src="https://image8.coupangcdn.com/image/coupang/home/icons/web/kr/new-item-of-month.png"><span>이달의신상</span></a></li><li class="gnb-menu-item"><a href="https://www.coupang.com/np/omp" class="" data-log="{ id:'gnb_menu_item_GNB_V2', param:{sectionId:'OMP'} }"><img loading="lazy" class="gnb-menu-item__icon" alt="판매자특가" src="https://image7.coupangcdn.com/image/coupang/home/icons/web/kr/omp.png"><span>판매자특가</span></a></li><li class="gnb-menu-item"><a href="https://www.coupang.com/np/campaigns/83" class="" data-log="{ id:'gnb_menu_item_GNB_V2', param:{sectionId:'subscription'} }"><img loading="lazy" class="gnb-menu-item__icon" alt="와우회원할인" src="https://image6.coupangcdn.com/image/coupang/home/icons/web/kr/wow.png"><span>와우회원할인</span></a></li><li class="gnb-menu-item"><a href="https://www.coupang.com/np/coupangbenefit" class="" data-log="{ id:'gnb_menu_item_GNB_V2', param:{sectionId:'coupangbenefit'} }"><img loading="lazy" class="gnb-menu-item__icon" alt="이벤트/쿠폰" src="https://image8.coupangcdn.com/image/coupang/home/icons/web/kr/benefit.png"><span>이벤트/쿠폰</span></a></li><li class="gnb-menu-item"><a href="https://pages.coupang.com/p/54908" class="" data-log="{ id:'gnb_menu_item_GNB_V2', param:{sectionId:'WAREHOUSE'} }"><img loading="lazy" class="gnb-menu-item__icon" alt="반품마켓" src="https://image7.coupangcdn.com/image/coupang/home/icons/web/kr/returned-market.png"><span>반품마켓</span></a></li><li class="gnb-menu-item"><a href="https://pages.coupang.com/p/63240" class="" data-log="{ id:'gnb_menu_item_GNB_V2', param:{sectionId:'GOOD_MARKET'} }"><img loading="lazy" class="gnb-menu-item__icon" alt="착한상점" src="https://image6.coupangcdn.com/image/coupang/home/icons/web/kr/sustainable-market.png"><span>착한상점</span><i class="in " data-new-tag-exposure-mills="0"></i></a></li><li class="gnb-menu-item"><a href="https://pages.coupang.com/p/bep?sourceType=gm_crm_oms&amp;subSourceType=gm_crm_gwsrtcut" class="" data-log="{ id:'gnb_menu_item_GNB_V2', param:{sectionId:'exhibition'} }"><img loading="lazy" class="gnb-menu-item__icon" alt="기획전" src="https://image6.coupangcdn.com/image/coupang/home/icons/web/kr/event.png"><span>기획전</span></a></li><li class="gnb-menu-item"><a href="https://trip.coupang.com/?channel=gnb" class="" data-log="{ id:'gnb_menu_item_GNB_V2', param:{sectionId:'TRAVEL'} }"><img loading="lazy" class="gnb-menu-item__icon" alt="쿠팡트래블" src="https://image6.coupangcdn.com/image/coupang/home/icons/web/kr/travel.png"><span>쿠팡트래블</span><i class="in " data-new-tag-exposure-mills="0"></i></a></li><li class="gnb-menu-item"><a href="https://wing.coupang.com/tenants/vendor-signup/signup?utm_source=button_pc_coupang_shortcut_1&amp;utm_medium=non_paid&amp;utm_id=onsite_ca&amp;utm_content=202411" class="" data-log="{ id:'gnb_menu_item_GNB_V2', param:{sectionId:'SELL_ON_COUPANG'} }"><img loading="lazy" class="gnb-menu-item__icon" alt="입점신청" src="https://image8.coupangcdn.com/image/coupang/home/icons/web/kr/sell-on-coupang.png"><span>입점신청</span></a></li></ul></div><a class="gnb-menu-btn gnb-menu-btn-right gnb-menu-btn-active" tabindex="0" style="display: flex;"><span></span></a></div></div></div></div><div class="fw-relative"><article id="wa-sidebar" style="z-index:9900" class="fw-absolute fw-hidden "><ul class="promotion-banner"><li><a href="https://www.coupang.com/np/campaigns/1440"><img loading="lazy" src="https://image7.coupangcdn.com/image/displayitem/displayitem_8ad9b5e0-fd76-407b-b820-6494f03ffc31.jpg" width="102" height="150" alt=""></a></li><li><a href="https://pages.coupang.com/p/78273"><img loading="lazy" src="https://image9.coupangcdn.com/image/displayitem/displayitem_48aaaba4-66fa-47a9-82d1-2efb04c14cb5.jpg" width="102" height="150" alt=""></a></li><li><a href="https://www.coupang.com/np/categories/510691"><img loading="lazy" src="https://image8.coupangcdn.com/image/displayitem/displayitem_eea963ab-9659-4fb7-87c4-36be5b82917a.png" width="102" height="150" alt=""></a></li><li><a href="https://pages.coupang.com/p/68594"><img loading="lazy" src="https://image9.coupangcdn.com/image/displayitem/displayitem_ad84783d-4811-49c6-99e8-79a1085b0d8b.png" width="102" height="150" alt=""></a></li><li><a href="https://wing.coupang.com/tenants/vendor-signup/signup?utm_source=button_pc_coupang_web_rignt_wing&amp;utm_medium=non_paid&amp;utm_id=onsite_ca&amp;utm_content=20240516"><img loading="lazy" src="https://image8.coupangcdn.com/image/displayitem/displayitem_92caf13f-61ae-4634-83c5-124d84633848.png" width="102" height="150" alt=""></a></li></ul></article></div><div id="wa-goto-top" style="z-index:9950" class=""><button class="goto-top__button"><i class="goto-top__arrow"></i></button></div><div id="wa-banners"></div></div><script>
          
          window['__weblog_args__']={"pageName":"sdp","domain":"sdp"};
          window['__jslog_args__']={"applicationId":"sdp_next","domain":"sdp_next","pageName":"sdp","instanceId":"primary-645f96b989-jlqbh"};
          </script><style>
            body {
              --adjust-font-size: 0px;
            }
          </style><div class="sdp-content twc-m-auto twc-min-w-[320px] twc-max-w-[1500px] twc-px-[16px] md:twc-px-[20px] max-[600px]:twc-pb-[58px] twc-border-t-[1px] twc-border-[#dfe3e8]"><ul class="breadcrumb twc-flex twc-items-center twc-text-[12px] twc-flex-wrap"><li class="twc-flex twc-items-center twc-pb-[16px] twc-pt-[12px]"><a href="https://www.coupang.com" class="hover:twc-text-[#008cff] hover:twc-underline">쿠팡 홈</a><svg class="breadcrumb-arrow-icon twc-mx-[4px]" width="12" height="13" viewBox="0 0 12 13" fill="none" xmlns="http://www.w3.org/2000/svg"><path d="M3.8859 2.15732C4.0606 1.9717 4.34367 1.94925 4.54434 2.09575L4.59268 2.1359L8.84268 6.1359C9.03746 6.31922 9.05137 6.61975 8.88442 6.81982L8.84268 6.8641L4.59268 10.8641C4.3916 11.0534 4.07516 11.0438 3.8859 10.8427C3.7112 10.6571 3.70593 10.3732 3.86432 10.1817L3.90732 10.1359L7.77 6.50001L3.90732 2.8641C3.7217 2.6894 3.69925 2.40634 3.84575 2.20566L3.8859 2.15732Z" fill="#AAB5C0"></path></svg></li><li class="twc-flex twc-items-center twc-pb-[16px] twc-pt-[12px]"><a class="hover:twc-text-[#008cff] hover:twc-underline" title="식품" href="https://www.coupang.com/np/categories/194276?eventCategory=breadcrumb">식품</a><svg class="breadcrumb-arrow-icon twc-mx-[4px]" width="12" height="13" viewBox="0 0 12 13" fill="none" xmlns="http://www.w3.org/2000/svg"><path d="M3.8859 2.15732C4.0606 1.9717 4.34367 1.94925 4.54434 2.09575L4.59268 2.1359L8.84268 6.1359C9.03746 6.31922 9.05137 6.61975 8.88442 6.81982L8.84268 6.8641L4.59268 10.8641C4.3916 11.0534 4.07516 11.0438 3.8859 10.8427C3.7112 10.6571 3.70593 10.3732 3.86432 10.1817L3.90732 10.1359L7.77 6.50001L3.90732 2.8641C3.7217 2.6894 3.69925 2.40634 3.84575 2.20566L3.8859 2.15732Z" fill="#AAB5C0"></path></svg></li><li class="twc-flex twc-items-center twc-pb-[16px] twc-pt-[12px]"><a class="hover:twc-text-[#008cff] hover:twc-underline" title="사과식초/땅콩버터 외" href="https://www.coupang.com/np/categories/492629?eventCategory=breadcrumb">사과식초/땅콩버터 외</a><svg class="breadcrumb-arrow-icon twc-mx-[4px]" width="12" height="13" viewBox="0 0 12 13" fill="none" xmlns="http://www.w3.org/2000/svg"><path d="M3.8859 2.15732C4.0606 1.9717 4.34367 1.94925 4.54434 2.09575L4.59268 2.1359L8.84268 6.1359C9.03746 6.31922 9.05137 6.61975 8.88442 6.81982L8.84268 6.8641L4.59268 10.8641C4.3916 11.0534 4.07516 11.0438 3.8859 10.8427C3.7112 10.6571 3.70593 10.3732 3.86432 10.1817L3.90732 10.1359L7.77 6.50001L3.90732 2.8641C3.7217 2.6894 3.69925 2.40634 3.84575 2.20566L3.8859 2.15732Z" fill="#AAB5C0"></path></svg></li><li class="twc-flex twc-items-center twc-pb-[16px] twc-pt-[12px]"><a class="hover:twc-text-[#008cff] hover:twc-underline" title="수산물/건어물" href="https://www.coupang.com/np/categories/492786?eventCategory=breadcrumb">수산물/건어물</a><svg class="breadcrumb-arrow-icon twc-mx-[4px]" width="12" height="13" viewBox="0 0 12 13" fill="none" xmlns="http://www.w3.org/2000/svg"><path d="M3.8859 2.15732C4.0606 1.9717 4.34367 1.94925 4.54434 2.09575L4.59268 2.1359L8.84268 6.1359C9.03746 6.31922 9.05137 6.61975 8.88442 6.81982L8.84268 6.8641L4.59268 10.8641C4.3916 11.0534 4.07516 11.0438 3.8859 10.8427C3.7112 10.6571 3.70593 10.3732 3.86432 10.1817L3.90732 10.1359L7.77 6.50001L3.90732 2.8641C3.7217 2.6894 3.69925 2.40634 3.84575 2.20566L3.8859 2.15732Z" fill="#AAB5C0"></path></svg></li><li class="twc-flex twc-items-center twc-pb-[16px] twc-pt-[12px]"><a class="hover:twc-text-[#008cff] hover:twc-underline" title="새우/게/갑각류" href="https://www.coupang.com/np/categories/492831?eventCategory=breadcrumb">새우/게/갑각류</a><svg class="breadcrumb-arrow-icon twc-mx-[4px]" width="12" height="13" viewBox="0 0 12 13" fill="none" xmlns="http://www.w3.org/2000/svg"><path d="M3.8859 2.15732C4.0606 1.9717 4.34367 1.94925 4.54434 2.09575L4.59268 2.1359L8.84268 6.1359C9.03746 6.31922 9.05137 6.61975 8.88442 6.81982L8.84268 6.8641L4.59268 10.8641C4.3916 11.0534 4.07516 11.0438 3.8859 10.8427C3.7112 10.6571 3.70593 10.3732 3.86432 10.1817L3.90732 10.1359L7.77 6.50001L3.90732 2.8641C3.7217 2.6894 3.69925 2.40634 3.84575 2.20566L3.8859 2.15732Z" fill="#AAB5C0"></path></svg></li><li class="twc-flex twc-items-center twc-pb-[16px] twc-pt-[12px]"><a class="hover:twc-text-[#008cff] hover:twc-underline" title="꽃게" href="https://www.coupang.com/np/categories/492833?eventCategory=breadcrumb">꽃게</a></li></ul><div class="twc-flex twc-max-w-full"><main class="twc-flex-1 twc-max-w-full xl:twc-w-[calc(100%-165px)]"><div class="prod-atf twc-block md:twc-flex twc-relative"><div class="prod-atf-loading twc-hidden"><div class="prod-atf-loading__bg"></div><div class="prod-atf-loading__spinner"></div></div><div id="sdp-ad-middle-banner-sm-position"></div><div class="product-image  twc-flex-1 md:twc-flex"><div class="twc-w-[70px] twc-relative"><ul class="twc-static"><li class="twc-relative twc-mb-[4px] twc-h-[70px] twc-w-[70px] twc-cursor-pointer twc-rounded-[2px]"><img class="twc-w-[70px]" loading="lazy" alt="" src="//thumbnail.coupangcdn.com/thumbnails/remote/48x48ex/image/vendor_inventory/5a29/ad60842847c4ed6704211970e47c500c01d878b4a90050ee599d62a1e1f4.png"><i class="twc-absolute twc-bottom-0 twc-left-0 twc-right-0 twc-top-0"></i></li><li class="twc-relative twc-mb-[4px] twc-h-[70px] twc-w-[70px] twc-cursor-pointer twc-rounded-[2px]"><img class="twc-w-[70px]" loading="lazy" alt="" src="//thumbnail.coupangcdn.com/thumbnails/remote/48x48ex/image/vendor_inventory/a684/99287514f9add60ee37af25232b4745a29509d01457867e5eb84dfdbfe00.png"><i class="twc-absolute twc-bottom-0 twc-left-0 twc-right-0 twc-top-0"></i></li><li class="twc-relative twc-mb-[4px] twc-h-[70px] twc-w-[70px] twc-cursor-pointer twc-rounded-[2px]"><img class="twc-w-[70px]" loading="lazy" alt="" src="//thumbnail.coupangcdn.com/thumbnails/remote/48x48ex/image/vendor_inventory/be46/628421a2f405c364a5c281e3c395061e7912a531813c968310e53115afa2.png"><i class="twc-absolute twc-bottom-0 twc-left-0 twc-right-0 twc-top-0"></i></li><li class="twc-relative twc-mb-[4px] twc-h-[70px] twc-w-[70px] twc-cursor-pointer twc-rounded-[2px]"><img class="twc-w-[70px]" loading="lazy" alt="" src="//thumbnail.coupangcdn.com/thumbnails/remote/48x48ex/image/vendor_inventory/3960/b4304a024c951b12f43eba227274934cbdd5f2e2685c399b3a21612746aa.png"><i class="twc-absolute twc-bottom-0 twc-left-0 twc-right-0 twc-top-0"></i></li><li class="twc-relative twc-mb-[4px] twc-h-[70px] twc-w-[70px] twc-cursor-pointer twc-rounded-[2px]"><img class="twc-w-[70px]" loading="lazy" alt="" src="//thumbnail.coupangcdn.com/thumbnails/remote/48x48ex/image/vendor_inventory/4321/1ebe96e45a023dcdc9bd41bdcec4bb24db736e62034e8d9a9acca205a6ff.png"><i class="twc-absolute twc-bottom-0 twc-left-0 twc-right-0 twc-top-0"></i></li><li class="twc-relative twc-mb-[4px] twc-h-[70px] twc-w-[70px] twc-cursor-pointer twc-rounded-[2px]"><img class="twc-w-[70px]" loading="lazy" alt="" src="//thumbnail.coupangcdn.com/thumbnails/remote/48x48ex/image/vendor_inventory/372d/1ba18192cd70d33410850d582cd31bf20e46a50335ce6018f71e9ad31b70.png"><i class="twc-absolute twc-bottom-0 twc-left-0 twc-right-0 twc-top-0"></i></li><li class="twc-relative twc-mb-[4px] twc-h-[70px] twc-w-[70px] twc-cursor-pointer twc-rounded-[2px]"><img class="twc-w-[70px]" loading="lazy" alt="" src="//thumbnail.coupangcdn.com/thumbnails/remote/48x48ex/image/vendor_inventory/ba7d/2857ae92b2a1db38b4990cf4f23a75773cf2c3003bd8df877a6a62d578e7.png"><i class="twc-absolute twc-bottom-0 twc-left-0 twc-right-0 twc-top-0"></i></li><li class="twc-relative twc-mb-[4px] twc-h-[70px] twc-w-[70px] twc-cursor-pointer twc-rounded-[2px]"><img class="twc-w-[70px]" loading="lazy" alt="" src="//thumbnail.coupangcdn.com/thumbnails/remote/48x48ex/image/vendor_inventory/6439/325aa6fb1dbe64c1063dd60cefe87af1ae33c9e5b0081ace19ce1a021813.png"><i class="twc-absolute twc-bottom-0 twc-left-0 twc-right-0 twc-top-0 twc-border-[2px] twc-border-[#346aff]"></i></li><li class="twc-relative twc-mb-[4px] twc-h-[70px] twc-w-[70px] twc-cursor-pointer twc-rounded-[2px]"><img class="twc-w-[70px]" loading="lazy" alt="" src="//thumbnail.coupangcdn.com/thumbnails/remote/48x48ex/image/vendor_inventory/ce86/cc5d97387039c95869d104b3940da955dbe0b4df4e0df35723b499046e4a.png"><i class="twc-absolute twc-bottom-0 twc-left-0 twc-right-0 twc-top-0"></i></li><li class="twc-relative twc-mb-[4px] twc-h-[70px] twc-w-[70px] twc-cursor-pointer twc-rounded-[2px]"><img class="twc-w-[70px]" loading="lazy" alt="" src="//thumbnail.coupangcdn.com/thumbnails/remote/48x48ex/image/vendor_inventory/358b/6539bd8e4b3236ba7428b02dc4bbcd93ebb38f5ebdec07b8525a34a7d71d.png"><i class="twc-absolute twc-bottom-0 twc-left-0 twc-right-0 twc-top-0"></i></li></ul></div><div class="twc-relative twc-flex-1 md:twc-mx-[16px] "><div class="twc-relative twc-overflow-visible" style="width:100%"><img src="//thumbnail.coupangcdn.com/thumbnails/remote/492x492ex/image/vendor_inventory/6439/325aa6fb1dbe64c1063dd60cefe87af1ae33c9e5b0081ace19ce1a021813.png" alt="Product image" draggable="false" class="twc-max-h-[546px] twc-w-full" loading="lazy" data-load-time-start="587.8000001907349" data-load-time-end="599.3000001907349" data-load-time="599.3000001907349"></div></div></div><div class="prod-atf-contents twc-relative twc-flex-1 twc-min-w-0"><div class="product-buy-header"><div id="sdp-ad-middle-banner-md-position"></div><div class="top-badge twc-relative twc-leading-[0] max-md:twc-mb-[10px]"><div class="twc-flex twc-items-center twc-gap-[4px]"><div class="twc-absolute twc-h-4 twc-w-10 twc-opacity-0 twc-pointer-events-none"></div></div></div><div class="twc-flex twc-justify-between twc-items-start"><div><h1 class="product-title twc-text-lg twc-text-black"><span class="twc-font-bold">삼시세끼연구소 최북단 연평도 조업 살이 단단한 25년 햇꽃게 활 꽃게 숫꽃게 생물, 1세트, 1kg</span></h1><div class="country-of-origin">원산지: 국내산(연평도 100%)</div><div class="review-atf twc-pb-[2px] twc-pt-[4px]"><span class="twc-overflow-hidden twc-text-[12px] twc-text-[#0073e9]" id="prod-buy-header__productreview"><a href="#sdpReview" class="twc-flex twc-items-center" id="prod-review-nav-link"><span class="rating-star-container twc-block twc-h-[14px] twc-w-[70px] twc-bg-[length:14px] twc-bg-repeat-x"><span style="width:100%" class="rating-star-num twc-block twc-h-[100%] twc-bg-[length:14px] twc-bg-repeat-x"></span></span><span class="rating-count-txt twc-text-[12px] lg:twc-text-[14px]">30<!-- --> <!-- -->개 상품평</span></a></span></div></div><div class="twc-flex twc-items-center"><div class="wish twc-flex twc-align-center twc-justify-start twc-ml-[16px] wish-and-share"><button class="twc-relative twc-flex twc-h-[38px] twc-w-[38px] twc-items-center twc-justify-center"><svg width="20" height="20" viewBox="0 0 24 24" fill="none" xmlns="http://www.w3.org/2000/svg"><path fill-rule="evenodd" clip-rule="evenodd" d="M12.174 4.43124C13.4923 2.68731 15.0031 1.70166 16.9982 1.52692L17.2732 1.50812C18.8998 1.42763 20.5664 1.94772 21.7255 2.97238C23.1953 4.27167 24 6.252 24 8.31785C24 12.688 20.8931 16.8316 12.5507 22.3348C12.2166 22.5552 11.7834 22.5552 11.4493 22.3348C3.10692 16.8316 0 12.688 0 8.31785C0 6.252 0.80471 4.27167 2.27453 2.97238C3.43363 1.94772 5.10025 1.42763 6.72677 1.50812C8.8591 1.61362 10.4478 2.60804 11.826 4.43124L12 4.66712L12.174 4.43124ZM20.4008 4.47083C19.6531 3.80978 18.4997 3.44987 17.3721 3.50568C15.5061 3.598 14.1913 4.71228 12.8675 7.02107C12.4833 7.69117 11.5167 7.69117 11.1325 7.02107C9.80866 4.71228 8.49392 3.598 6.62792 3.50568C5.50027 3.44987 4.34694 3.80978 3.59916 4.47083C2.58082 5.37102 2 6.80038 2 8.31785C2 11.755 4.52788 15.2449 11.7579 20.1359L11.999 20.2981L12.6249 19.8752C19.4355 15.2067 21.9098 11.8187 21.9976 8.50204L22 8.31785C22 6.80038 21.4192 5.37102 20.4008 4.47083Z" fill="#454F5B"></path></svg></button><button class="twc-relative twc-flex twc-h-[38px] twc-w-[38px] twc-items-center twc-justify-center"><svg width="20" height="20" viewBox="0 0 24 24" fill="none" xmlns="http://www.w3.org/2000/svg"><path fill-rule="evenodd" clip-rule="evenodd" d="M22 4C22 5.933 20.433 7.5 18.5 7.5C17.604 7.5 16.7866 7.16332 16.1675 6.60956L8.88141 11.0933C8.95876 11.3825 9 11.6864 9 12C9 12.3136 8.95876 12.6175 8.88142 12.9067L16.1675 17.3904C16.7866 16.8367 17.604 16.5 18.5 16.5C20.433 16.5 22 18.067 22 20C22 21.933 20.433 23.5 18.5 23.5C16.567 23.5 15 21.933 15 20C15 19.6864 15.0412 19.3825 15.1186 19.0933L7.83249 14.6096C7.21338 15.1633 6.39601 15.5 5.5 15.5C3.567 15.5 2 13.933 2 12C2 10.067 3.567 8.50002 5.5 8.50002C6.396 8.50002 7.21337 8.83671 7.83248 9.39047L15.1186 4.90671C15.0412 4.61753 15 4.31358 15 4C15 2.067 16.567 0.5 18.5 0.5C20.433 0.5 22 2.067 22 4Z" fill="#454F5B"></path></svg></button></div></div></div></div><div class="price-container twc-relative  false"><div class="original-price  twc-flex twc-flex-wrap twc-items-center"><div><div style="order:0;margin-right:3px;color:#212b36">25<!-- -->%</div></div><div class="price-amount original-price-amount" style="order:1;text-decoration:line-through;color:#768695">39,900원</div><div></div><div class="price-policies undefined"><span class="question-mark twc-opacity-50 hover:twc-opacity-80 twc-inline-block twc-cursor-pointer  twc-ml-[4px]" style="width:14px;height:14px"><svg xmlns="http://www.w3.org/2000/svg" width="14" height="14" viewBox="0 0 14 15" fill="none"><path fill-rule="evenodd" clip-rule="evenodd" d="M0 7.5C0 3.63401 3.13402 0.5 7 0.5C10.866 0.5 14 3.634 14 7.5C14 11.366 10.866 14.5 7 14.5C3.13402 14.5 0 11.366 0 7.5ZM12.8327 7.49984C12.8327 4.27817 10.221 1.6665 6.99935 1.6665C3.7777 1.6665 1.16602 4.27818 1.16602 7.49984C1.16602 10.7215 3.7777 13.3332 6.99935 13.3332C10.221 13.3332 12.8327 10.7215 12.8327 7.49984ZM5.97852 4.14583C5.97852 3.58204 6.43556 3.125 6.99935 3.125C7.56314 3.125 8.02018 3.58204 8.02018 4.14583C8.02018 4.70962 7.56314 5.16667 6.99935 5.16667C6.43556 5.16667 5.97852 4.70962 5.97852 4.14583ZM7.88467 7.12423C7.84227 6.68051 7.46849 6.3335 7.01367 6.3335C6.53042 6.3335 6.13867 6.72525 6.13867 7.2085V11.0002L6.14268 11.0844C6.18508 11.5281 6.55885 11.8752 7.01367 11.8752C7.49692 11.8752 7.88867 11.4834 7.88867 11.0002V7.2085L7.88467 7.12423Z" fill="#000"></path></svg></span></div></div><div class="sales-price  twc-flex twc-items-center twc-flex-wrap"><div class="price-amount sales-price-amount !twc-leading-[24px]"></div><div></div><div class="sales-price-title"></div></div><div class="final-price  twc-flex twc-items-center twc-flex-wrap"><div class="price-amount final-price-amount !twc-leading-[24px]">29,900원</div><div><div class="final-unit-price">(100g당 2,990원)</div></div><div class="final-price-title"></div></div></div><div class="option-table-v2"><div class="toggle-header"><div class="toggle-header__title">더 많은 옵션 보기</div></div><div class="tab-selector-container"><div class="tab-selector tab-selector--HEADER_ONLY"><div class="tab-selector__tab-header "><span class="tab-selector__header-title">중량 × 수량: </span><span class="tab-selector__header-value">1kg × 1세트</span></div></div></div><div class="option-table-list"><div class="option-table-list__options option-table-list__options--LONG_ATTR"><div class="option-table-list__option option-table-list__option--selected  "><div class="option-table-list__option-radio"></div><div class="option-table-list__option-info"><div class="option-table-list__option-name">1kg × 1세트</div><div class="option-table-list__option-price">29,900원</div><div class="option-table-list__option-unit-price">100g당 2,990원</div></div></div><div class="option-table-list__option   "><div class="option-table-list__option-radio"></div><div class="option-table-list__option-info"><div class="option-table-list__option-name">2kg × 1세트</div><div class="option-table-list__option-price">54,900원</div><div class="option-table-list__option-unit-price">100g당 2,745원</div></div></div><div class="option-table-list__option   "><div class="option-table-list__option-radio"></div><div class="option-table-list__option-info"><div class="option-table-list__option-name">3kg × 1세트</div><div class="option-table-list__option-price">79,900원</div><div class="option-table-list__option-unit-price">100g당 2,663원</div></div></div><div class="option-table-list__option   "><div class="option-table-list__option-radio"></div><div class="option-table-list__option-info"><div class="option-table-list__option-name">5kg × 1세트</div><div class="option-table-list__option-price">116,900원</div><div class="option-table-list__option-unit-price">100g당 2,338원<span class="option-table-list__option-unit-price-label">(최저 단위가)</span></div></div></div></div><div class="option-table-list__see-all-btn"><span>모든 옵션 보기</span><img class="option-table-list__see-all-btn-icon" src="//img1a.coupangcdn.com/image/sdp/option-table/icon_tabs_btn-right.png" alt="" loading="lazy"></div></div></div><div class="delivery-container "><div> <div class="regular-shipping-fee-container twc-flex twc-items-center"><div class="regular-shipping-fee-inner"><div><div class="twc-flex twc-items-center"><span class="shipping-fee-desc" translate="yes"><em class="prod-txt-bold">무료배송</em></span><span class="" translate="yes"></span></div></div></div></div><div class="regular-pdd-container twc-flex twc-items-center twc-flex-wrap"><span class=""><span class="" translate="yes"><em class="prod-txt-onyx prod-txt-font-14">모레(금) 9/12</em><em class="prod-txt-onyx"> 도착 예정</em></span></span></div></div></div><div class="seller-info twc-pt-[14px] twc-pb-[14px] twc-border-t-[1px] twc-border-[#EEEEEE] twc-text-[12px]"><div class="twc-flex twc-flex-row twc-justify-start twc-items-center twc-flex-wrap">판매자:<a class="twc-flex twc-justify-start twc-items-center twc-mx-[3px] twc-text-[#346aff]" href="https://shop.coupang.com/vid/A00962419?source=brandstore_sdp_atf&amp;pid=9007354491&amp;viid=93375800911&amp;ocid=21741137&amp;platform=p">밸류코드 주식회사<div class="twc-h-[22px] twc-rounded-[2px] twc-px-[5px] twc-ml-[8px] twc-text-[12px]/[22px] twc-border-[1px] twc-border-[#346aff] twc-border-solid twc-relative before:twc-content-[''] before:twc-absolute before:twc-top-[7px] before:twc-left-[-4px] before:twc-inline-block before:twc-w-[6px] before:twc-h-[6px] before:twc-border-[#346aff] before:twc-border-l-[1px] before:twc-border-b-[1px] before:twc-border-solid before:twc-rotate-[45deg] before:twc-z-50 before:twc-bg-[#fff]">판매자 상품 보러가기</div></a></div><div class="twc-flex twc-items-center twc-justify-start twc-font-[400] twc-text-[12px] twc-leading-[14px] twc-text-[#111] twc-mt-[6px] twc-pb-[16px] twc-mb-[18px] twc-border-b-[#eee] twc-border-b twc-mb-[6px]"><span class="twc-mr-[8px]">판매자 평가</span><img class="twc-w-[14px] twc-h-[12px]" src="https://image.coupangcdn.com/image/mobile_app/v3/badges/thumbs_up/xxhdpi/ic_thumbsup_outline_black_buybox.png" alt="icon" loading="lazy"><span class="twc-ml-[4px] twc-text-[#0b0b0b] twc-font-[600] twc-text-[12px] twc-leading-[14px]">90%</span><span class="twc-ml-[3px] ">(<!-- -->674<!-- -->)</span><div class="twc-relative twc-ml-[4px] twc-opacity-[0.7] twc-cursor-pointer"><svg width="14" height="14" viewBox="0 0 14 14" version="1.1" xmlns="http://www.w3.org/2000/svg"><g stroke="none" stroke-width="1" fill="none" fill-rule="evenodd"><g transform="translate(-1047.000000, -308.000000)"><g transform="translate(731.000000, 305.000000)"><g transform="translate(316.000000, 3.000000)"><g><path d="M7,13.4166667 C10.5438271,13.4166667 13.4166667,10.5438271 13.4166667,7 C13.4166667,3.45617286 10.5438271,0.583333333 7,0.583333333 C3.45617286,0.583333333 0.583333333,3.45617286 0.583333333,7 C0.583333333,10.5438271 3.45617286,13.4166667 7,13.4166667 Z M7,14 C3.13400675,14 0,10.8659932 0,7 C0,3.13400675 3.13400675,0 7,0 C10.8659932,0 14,3.13400675 14,7 C14,10.8659932 10.8659932,14 7,14 Z" fill="#333333" fill-rule="nonzero"></path><path d="M6.41666667,5.83333333 L7.58333333,5.83333333 L7.58333333,10.1111111 L8.75,10.5 L5.25,10.5 L6.41666667,10.1111111 L6.41666667,6.3 L5.25,5.83333333 L6.41666667,5.83333333 Z M6.85416667,4.95833333 C6.45145904,4.95833333 6.125,4.6318743 6.125,4.22916667 C6.125,3.82645904 6.45145904,3.5 6.85416667,3.5 C7.2568743,3.5 7.58333333,3.82645904 7.58333333,4.22916667 C7.58333333,4.6318743 7.2568743,4.95833333 6.85416667,4.95833333 Z" fill="#111111"></path></g></g></g></g></g></svg></div></div><div class="twc-pt-[12px] ">배송사: <span class="twc-ml-[3px]">로젠택배</span></div></div><div id="insuranceContainer" class=""></div><div class="twc-border-y twc-border-y-[#dfe3e8] conditional-benefits"><div class="twc-my-[16px] cashback-summary"><div class="twc-flex twc-gap-11"><div class="twc-font-bold twc-text-base twc-shrink-0">적립</div><div class="twc-flex twc-items-center twc-gap-2 twc-flex-wrap"><span>최대 1,495원</span><button type="button" aria-haspopup="dialog" aria-expanded="false" aria-controls="radix-«Rkpa59n7rlenb»" data-state="closed"><span class="twc-underline twc-cursor-pointer hover:twc-no-underline hover:twc-text-secondary-foreground">쿠팡캐시 적립</span></button><span>· <!-- -->쿠페이 머니 결제시</span></div><div class="twc-flex twc-items-center twc-ml-auto twc-text-secondary-foreground twc-cursor-pointer"><div class="twc-font-bold twc-whitespace-nowrap">혜택보기</div><svg xmlns="http://www.w3.org/2000/svg" width="15" height="15" viewBox="0 0 24 24" fill="none" stroke="currentColor" stroke-width="2" stroke-linecap="round" stroke-linejoin="round" class="lucide lucide-chevron-right"><path d="m9 18 6-6-6-6"></path></svg></div></div></div></div><div></div><div class="twc-flex twc-justify-center twc-items-center twc-pt-[12px] twc-mb-[16px] twc-text-[12px] twc-flex-wrap lg:twc-flex-nowrap max-md:twc-hidden"><strong class="twc-text-[13px] twc-font-[700] twc-text-[#212b36] twc-mr-[8px] twc-text-center  twc-basis-[100%] lg:twc-basis-[inherit] lg:.twc-text-left">PC에서도 간편한 결제</strong><div class="twc-flex twc-justify-start twc-items-center twc-mr-[10px]"><img class="twc-w-[15px] twc-mr-[3px]" src="https://image.coupangcdn.com/image/coupang/common/payment/coupaymoney_color@4x.png" alt="쿠페이머니" loading="lazy"><span>쿠페이머니</span></div><div class="twc-flex twc-justify-start twc-items-center twc-mr-[10px]"><img class="twc-w-[15px] twc-mr-[3px]" src="https://image.coupangcdn.com/image/coupang/common/payment/card_color@4x.png" alt="카드" loading="lazy"><span>카드</span></div><div class="twc-flex twc-justify-start twc-items-center twc-mr-[10px]"><img class="twc-w-[15px] twc-mr-[3px]" src="https://image.coupangcdn.com/image/coupang/common/payment/bankbook_color@4x.png" alt="계좌이체" loading="lazy"><span>계좌이체</span></div></div><div class="prod-buy-quantity-and-footer twc-flex twc-mt-[16px] min-[769px]:twc-items-center max-[600px]:twc-items-center min-[601px]:max-[768px]:twc-flex-col min-[601px]:max-[768px]:twc-mt-[12px]"><div class="product-quantity twc-relative twc-mr-[10px] twc-inline-block after:twc-hidden"><div class="max-[600px]:twc-hidden twc-border twc-border-[#ccc] twc-align-middle twc-inline-flex twc-items-center twc-justify-center max-[600px]:twc-rounded-[4px] max-[600px]:twc-border-[#919eab]"><input class="twc-text-center twc-text-[16px] twc-text-[#111] twc-font-bold twc-leading-[40px] twc-border-solid twc-border-r twc-border-r-[#eee] twc-bg-transparent twc-w-[61px] twc-h[40px] max-[600px]:twc-w-[78px] max-[600px]:twc-h-[30px] max-[600px]:twc-border-none" type="text" maxlength="6" autocomplete="off" value="1"><div class="twc-flex twc-flex-col"><button class="twc-relative twc-flex twc-items-center twc-justify-center twc-w-[20px] twc-h-[20px] twc-bg-transparent twc-text-[0] twc-leading-0 max-[600px]:twc-w-[30px] max-[600px]:twc-h-[30px] max-[600px]:twc-border-none twc-border-b twc-border-solid twc-border-b-[#ccc] twc-cursor-pointer" type="button">수량빼기<i class="twc-inline-block twc-w-[8px] twc-h-[4px] min-[601px]:twc-bg-[url(//img1a.coupangcdn.com/image/dragonstone/sdp/PCSDP_imageasset_171215-min.png)] min-[601px]:twc-no-repeat twc-bg-[-378px_-189px] icon-plus"></i></button><button class="twc-relative twc-flex twc-items-center twc-justify-center twc-w-[20px] twc-h-[20px] twc-bg-transparent twc-text-[0] twc-leading-0 max-[600px]:twc-w-[30px] max-[600px]:twc-h-[30px] max-[600px]:twc-border-none twc-flex twc-flex-col twc-cursor-default" type="button" disabled="">수량더하기<i class="twc-inline-block twc-w-[8px] twc-h-[4px] min-[601px]:twc-bg-[url(//img1a.coupangcdn.com/image/dragonstone/sdp/PCSDP_imageasset_171215-min.png)] min-[601px]:twc-no-repeat twc-bg-[-378px_-197px] icon-minus twc-bg-[-390px_-197px] icon-minus--disabled"></i></button></div></div><div class="min-[601px]:twc-hidden twc-border twc-border-[#ccc] twc-align-middle twc-inline-flex twc-items-center twc-justify-center max-[600px]:twc-rounded-[4px] max-[600px]:twc-border-[#919eab]"><button class="twc-relative twc-flex twc-items-center twc-justify-center twc-w-[20px] twc-h-[20px] twc-bg-transparent twc-text-[0] twc-leading-0 max-[600px]:twc-w-[30px] max-[600px]:twc-h-[30px] max-[600px]:twc-border-none twc-flex twc-flex-col twc-cursor-default" type="button" disabled="">수량더하기<i class="twc-inline-block twc-w-[8px] twc-h-[4px] min-[601px]:twc-bg-[url(//img1a.coupangcdn.com/image/dragonstone/sdp/PCSDP_imageasset_171215-min.png)] min-[601px]:twc-no-repeat twc-bg-[-378px_-197px] icon-minus twc-bg-[-390px_-197px] icon-minus--disabled"></i></button><input class="twc-text-center twc-text-[16px] twc-text-[#111] twc-font-bold twc-leading-[40px] twc-border-solid twc-border-r twc-border-r-[#eee] twc-bg-transparent twc-w-[61px] twc-h[40px] max-[600px]:twc-w-[78px] max-[600px]:twc-h-[30px] max-[600px]:twc-border-none" type="text" maxlength="6" autocomplete="off" value="1"><button class="twc-relative twc-flex twc-items-center twc-justify-center twc-w-[20px] twc-h-[20px] twc-bg-transparent twc-text-[0] twc-leading-0 max-[600px]:twc-w-[30px] max-[600px]:twc-h-[30px] max-[600px]:twc-border-none twc-border-b twc-border-solid twc-border-b-[#ccc] twc-cursor-pointer" type="button">수량빼기<i class="twc-inline-block twc-w-[8px] twc-h-[4px] min-[601px]:twc-bg-[url(//img1a.coupangcdn.com/image/dragonstone/sdp/PCSDP_imageasset_171215-min.png)] min-[601px]:twc-no-repeat twc-bg-[-378px_-189px] icon-plus"></i></button></div><div class="warning-popup twc-p-[12px] twc-w-[241px] twc-h-[50px] twc-text-[12px] twc-bg-[url(//img1a.coupangcdn.com/image/dragonstone/sdp/PCSDP_imageasset_171215-min.png)] twc-no-repeat twc-bg-[-217px_-120px] twc-absolute twc-right-[-80px] twc-bottom-full twc-z-[10] twc-text-center twc-text-[#ae0000] twc-opacity-0 twc-transition-all twc-duration-300 twc-hidden">선택 가능한 수량은 50개입니다.<i class="arrow-down"></i></div></div><div class="prod-buy-footer twc-flex-1 twc-fixed twc-px-[6px] twc-py-[10px] twc-bg-white twc-z-[9980] twc-bottom-0 twc-left-0 twc-right-0 md:twc-relative md:twc-px-0 md:twc-py-0 md:twc-z-0 min-[601px]:max-[768px]:twc-mt-[10px]"><div class="prod-onetime-order"><div class="button-box twc-flex"><button class="prod-cart-btn twc-flex-1 max-[600px]:twc-rounded-[4px]" data-gaclick="{&quot;hitType&quot;:&quot;event&quot;, &quot;eventCategory&quot;:&quot;addCartButton&quot;, &quot;eventAction&quot;:&quot;click&quot;, &quot;eventLabel&quot;:&quot;optionBarButton&quot;, &quot;eventValue&quot;:0}">장바구니 담기</button><button class="prod-buy-btn twc-flex-1 max-[600px]:twc-rounded-[4px]"><span class="prod-buy-btn__txt">바로구매</span></button></div></div></div></div><div class="product-description twc-pt-[16px] twc-mb-[16px]"><ul class="twc-ml-[16px]"><li class="twc-list-disc twc-list-outside twc-text-[calc(var(--adjust-font-size)+12px)]">식품 프리미엄: Y</li><li class="twc-list-disc twc-list-outside twc-text-[calc(var(--adjust-font-size)+12px)]">게 종류: 숫꽃게</li><li class="twc-list-disc twc-list-outside twc-text-[calc(var(--adjust-font-size)+12px)]">게 가공 방식: 생물/활</li><li class="twc-list-disc twc-list-outside twc-text-[calc(var(--adjust-font-size)+12px)]">보관방법: 냉장보관</li><li class="twc-list-disc twc-list-outside twc-text-[calc(var(--adjust-font-size)+12px)]">개당 중량: 1kg</li><li class="twc-list-disc twc-list-outside twc-text-[calc(var(--adjust-font-size)+12px)]">쿠팡상품번호: 9007354491 - 26399590821</li></ul></div></div></div><div class="product-btf-container twc-pt-[10px]"><div class="sdp-ads impression-log twc-mb-[40px] twc-pt-[35px]"><div class="recommendation"><div class="recommendation-header twc-relative"><div class="recommendation-header__title"> 함께 비교하면 좋을 상품 </div><span class="recommendation-header__description"><span class="twc-mt-[3px]"> 광고 </span><span class="question-mark twc-opacity-50 hover:twc-opacity-80 twc-inline-block twc-cursor-pointer  twc-ml-[4px]" style="width: 14px; height: 14px;"><svg xmlns="http://www.w3.org/2000/svg" width="14" height="14" viewBox="0 0 14 15" fill="none"><path fill-rule="evenodd" clip-rule="evenodd" d="M0 7.5C0 3.63401 3.13402 0.5 7 0.5C10.866 0.5 14 3.634 14 7.5C14 11.366 10.866 14.5 7 14.5C3.13402 14.5 0 11.366 0 7.5ZM12.8327 7.49984C12.8327 4.27817 10.221 1.6665 6.99935 1.6665C3.7777 1.6665 1.16602 4.27818 1.16602 7.49984C1.16602 10.7215 3.7777 13.3332 6.99935 13.3332C10.221 13.3332 12.8327 10.7215 12.8327 7.49984ZM5.97852 4.14583C5.97852 3.58204 6.43556 3.125 6.99935 3.125C7.56314 3.125 8.02018 3.58204 8.02018 4.14583C8.02018 4.70962 7.56314 5.16667 6.99935 5.16667C6.43556 5.16667 5.97852 4.70962 5.97852 4.14583ZM7.88467 7.12423C7.84227 6.68051 7.46849 6.3335 7.01367 6.3335C6.53042 6.3335 6.13867 6.72525 6.13867 7.2085V11.0002L6.14268 11.0844C6.18508 11.5281 6.55885 11.8752 7.01367 11.8752C7.49692 11.8752 7.88867 11.4834 7.88867 11.0002V7.2085L7.88467 7.12423Z" fill="#000"></path></svg></span></span><span class="recommendation-header__description-icon-tooltip twc-hidden">쿠팡으로부터 광고 서비스를 구매한 제휴업체의 판매상품입니다.</span></div><div class="ui-recommendation-list"><div class="rl-list"><ul class="carousel-list"><li class="rl-item hps-scroll-item"><a target="_blank" href="/vp/products/8734361248?itemId=25382081993&amp;searchId=feed-d55817607a6841e1989e07c6181dc47c-view_together_ads-P9007354491&amp;vendorItemId=92376079751&amp;sourceType=SDP_ADS&amp;clickEventId=db541850-8e1e-11f0-b033-8ea5e803be3f" data-adsplatform="{&quot;viewImpression&quot;:&quot;https://mercury.coupang.com/e.gif?r=db541850-8e1e-11f0-b033-8ea5e803be3f%7E2&quot;,&quot;impressionLogUri&quot;:&quot;https://mercury.coupang.com/e.gif?r=db541850-8e1e-11f0-b033-8ea5e803be3f%7E1&quot;,&quot;eventId&quot;:&quot;db541850-8e1e-11f0-b033-8ea5e803be3f&quot;,&quot;clickLogUri&quot;:&quot;https://mercury.coupang.com/e.gif?r=db541850-8e1e-11f0-b033-8ea5e803be3f%7E3&quot;}" class="impression-logged"><div class="rl-item__image-wrap"><img class="rl-item__image" alt="" src="//thumbnail.coupangcdn.com/thumbnails/remote/300x300ex/image/vendor_inventory/cd8a/d955de7690d0d132c64aa0777e8e4d1f40c0b5db13fc45d8a1b8efe5b748.jpg"></div><strong class="rl-item__title">따봉프레시 당일조업 3차선별 황제 활꽃게 태안 신진도 빙장, 1개, 5kg</strong><div class="clearFix twc-flex twc-items-center"><span class="rl-item__price twc-mr-[4px]"><em> 61,800원 </em></span></div><div class="rl-item__unit-price">(100g당 1,236원)</div><div class="rl-item__review"><span class="rl-item__review-score-bg"><span class="rl-item__review-score" style="width: 80%;"><em>80%</em></span></span><span class="rl-item__review-count">(241)</span></div></a></li><li class="rl-item hps-scroll-item"><a target="_blank" href="/vp/products/9025395370?itemId=26469058758&amp;searchId=feed-d55817607a6841e1989e07c6181dc47c-view_together_ads-P9007354491&amp;vendorItemId=93444238931&amp;sourceType=SDP_ADS&amp;clickEventId=db541850-8e1e-11f0-a0cd-05fd2b3245f2" data-adsplatform="{&quot;viewImpression&quot;:&quot;https://mercury.coupang.com/e.gif?r=db541850-8e1e-11f0-a0cd-05fd2b3245f2%7E2&quot;,&quot;impressionLogUri&quot;:&quot;https://mercury.coupang.com/e.gif?r=db541850-8e1e-11f0-a0cd-05fd2b3245f2%7E1&quot;,&quot;eventId&quot;:&quot;db541850-8e1e-11f0-a0cd-05fd2b3245f2&quot;,&quot;clickLogUri&quot;:&quot;https://mercury.coupang.com/e.gif?r=db541850-8e1e-11f0-a0cd-05fd2b3245f2%7E3&quot;}" class="impression-logged"><div class="rl-item__image-wrap"><img class="rl-item__image" alt="" src="//thumbnail.coupangcdn.com/thumbnails/remote/300x300ex/image/vendor_inventory/5cdf/b86728171e7c8c80e80159b64a7f0421e5409233e23bd8de6a5d550fa32b.jpg"></div><strong class="rl-item__title">서해안 당일조업 가을 생물꽃게 2kg 얼음포장, 1박스</strong><div class="clearFix twc-flex twc-items-center"><span class="rl-item__price twc-mr-[4px]"><em> 24,900원 </em></span></div><div class="rl-item__unit-price">(100g당 1,245원)</div><div class="rl-item__review"><span class="rl-item__review-score-bg"><span class="rl-item__review-score" style="width: 80%;"><em>80%</em></span></span><span class="rl-item__review-count">(49)</span></div></a></li><li class="rl-item hps-scroll-item"><a target="_blank" href="/vp/products/9021781747?itemId=26461305727&amp;searchId=feed-d55817607a6841e1989e07c6181dc47c-view_together_ads-P9007354491&amp;vendorItemId=93436605887&amp;sourceType=SDP_ADS&amp;clickEventId=db541850-8e1e-11f0-aa24-477dc6e5d7ea" data-adsplatform="{&quot;viewImpression&quot;:&quot;https://mercury.coupang.com/e.gif?r=db541850-8e1e-11f0-aa24-477dc6e5d7ea%7E2&quot;,&quot;impressionLogUri&quot;:&quot;https://mercury.coupang.com/e.gif?r=db541850-8e1e-11f0-aa24-477dc6e5d7ea%7E1&quot;,&quot;eventId&quot;:&quot;db541850-8e1e-11f0-aa24-477dc6e5d7ea&quot;,&quot;clickLogUri&quot;:&quot;https://mercury.coupang.com/e.gif?r=db541850-8e1e-11f0-aa24-477dc6e5d7ea%7E3&quot;}" class="impression-logged"><div class="rl-item__image-wrap"><img class="rl-item__image" alt="" src="//thumbnail.coupangcdn.com/thumbnails/remote/300x300ex/image/vendor_inventory/1cf1/b5a1206ee1e79bfd71fcb5a696432d44089406baf3741f55ee2981013602.jpg"></div><strong class="rl-item__title">[맛꾼] 당일조업 산지직송 서해안 빙장 제철 활 숫꽃게, 1개, 3kg</strong><div class="clearFix twc-flex twc-items-center"><span class="rl-item__price twc-mr-[4px]"><em> 37,900원 </em></span></div><div class="rl-item__unit-price">(100g당 1,263원)</div><div class="rl-item__review"><span class="rl-item__review-score-bg"><span class="rl-item__review-score" style="width: 80%;"><em>80%</em></span></span><span class="rl-item__review-count">(12)</span></div></a></li><li class="rl-item hps-scroll-item"><a target="_blank" href="/vp/products/7684131375?itemId=20531288441&amp;searchId=feed-d55817607a6841e1989e07c6181dc47c-view_together_ads-P9007354491&amp;vendorItemId=87608315752&amp;sourceType=SDP_ADS&amp;clickEventId=db541850-8e1e-11f0-b1d9-e7420acfd2e3" data-adsplatform="{&quot;viewImpression&quot;:&quot;https://mercury.coupang.com/e.gif?r=db541850-8e1e-11f0-b1d9-e7420acfd2e3%7E2&quot;,&quot;impressionLogUri&quot;:&quot;https://mercury.coupang.com/e.gif?r=db541850-8e1e-11f0-b1d9-e7420acfd2e3%7E1&quot;,&quot;eventId&quot;:&quot;db541850-8e1e-11f0-b1d9-e7420acfd2e3&quot;,&quot;clickLogUri&quot;:&quot;https://mercury.coupang.com/e.gif?r=db541850-8e1e-11f0-b1d9-e7420acfd2e3%7E3&quot;}" class="impression-logged"><div class="rl-item__image-wrap"><img class="rl-item__image" alt="" src="//thumbnail.coupangcdn.com/thumbnails/remote/300x300ex/image/vendor_inventory/c3bf/50c949c71e583f5df8e089be6447d20fba61100ba86946f442b47d0e544e.jpg"></div><strong class="rl-item__title">[당일조업] 태안 신진도 활 톱밥꽃게(암수혼입), 1개, 3kg (9~15미)</strong><div class="clearFix twc-flex twc-items-center"><span class="rl-item__price twc-mr-[4px]"><em> 38,900원 </em></span></div><div class="rl-item__unit-price">(100g당 1,297원)</div><div class="rl-item__review"><span class="rl-item__review-score-bg"><span class="rl-item__review-score" style="width: 100%;"><em>100%</em></span></span><span class="rl-item__review-count">(727)</span></div></a></li><li class="rl-item hps-scroll-item"><a target="_blank" href="/vp/products/9037260123?itemId=26512941074&amp;searchId=feed-d55817607a6841e1989e07c6181dc47c-view_together_ads-P9007354491&amp;vendorItemId=93487466830&amp;sourceType=SDP_ADS&amp;clickEventId=db541850-8e1e-11f0-a7e9-10691e5854dc" data-adsplatform="{&quot;viewImpression&quot;:&quot;https://mercury.coupang.com/e.gif?r=db541850-8e1e-11f0-a7e9-10691e5854dc%7E2&quot;,&quot;impressionLogUri&quot;:&quot;https://mercury.coupang.com/e.gif?r=db541850-8e1e-11f0-a7e9-10691e5854dc%7E1&quot;,&quot;eventId&quot;:&quot;db541850-8e1e-11f0-a7e9-10691e5854dc&quot;,&quot;clickLogUri&quot;:&quot;https://mercury.coupang.com/e.gif?r=db541850-8e1e-11f0-a7e9-10691e5854dc%7E3&quot;}" class="impression-logged"><div class="rl-item__image-wrap"><img class="rl-item__image" alt="" src="//thumbnail.coupangcdn.com/thumbnails/remote/300x300ex/image/vendor_inventory/51b1/d627571db41eff53ef47ee35efcca5d3fec5e8ddf0a14c0fc3bbdfc1afaa.png"></div><strong class="rl-item__title">[소담어반] 서해안 당일조업 활 숫꽃게 국내산 꽃게 산지직송, 1개, 5kg(15-17미)</strong><div class="clearFix twc-flex twc-items-center"><span class="rl-item__price twc-mr-[4px]"><em> 63,000원 </em></span></div><div class="rl-item__unit-price">(100g당 1,260원)</div><div class="rl-item__review"><span class="rl-item__review-score-bg"><span class="rl-item__review-score" style="width: 90%;"><em>90%</em></span></span><span class="rl-item__review-count">(20)</span></div></a></li><li class="rl-item hps-scroll-item"><a target="_blank" href="/vp/products/9010726243?itemId=26423414803&amp;searchId=feed-d55817607a6841e1989e07c6181dc47c-view_together_ads-P9007354491&amp;vendorItemId=93399295725&amp;sourceType=SDP_ADS&amp;clickEventId=db541850-8e1e-11f0-a258-b20023bc1ff9" data-adsplatform="{&quot;viewImpression&quot;:&quot;https://mercury.coupang.com/e.gif?r=db541850-8e1e-11f0-a258-b20023bc1ff9%7E2&quot;,&quot;impressionLogUri&quot;:&quot;https://mercury.coupang.com/e.gif?r=db541850-8e1e-11f0-a258-b20023bc1ff9%7E1&quot;,&quot;eventId&quot;:&quot;db541850-8e1e-11f0-a258-b20023bc1ff9&quot;,&quot;clickLogUri&quot;:&quot;https://mercury.coupang.com/e.gif?r=db541850-8e1e-11f0-a258-b20023bc1ff9%7E3&quot;}" class="impression-logged"><div class="rl-item__image-wrap"><img class="rl-item__image" alt="" src="//thumbnail.coupangcdn.com/thumbnails/remote/300x300ex/image/vendor_inventory/ebec/2f4fff006592f7ad549b4d6c1f801cbfb6e79cf3cf496a49c8cae1efe7c8.png"></div><strong class="rl-item__title">[ 지금부터 제철 ] 미식가 전용 살이 꽉찬 국내산 활꽃게 가을꽃게 서해안 생물꽃게, 1개, 가을꽃게 5 kg (15~25미)</strong><div class="clearFix twc-flex twc-items-center"><span class="rl-item__price twc-mr-[4px]"><em> 67,500원 </em></span></div><div class="rl-item__unit-price">(100g당 1,350원)</div><div class="rl-item__review"><span class="rl-item__review-score-bg"><span class="rl-item__review-score" style="width: 100%;"><em>100%</em></span></span><span class="rl-item__review-count">(10)</span></div></a></li><li class="rl-item hps-scroll-item"><a target="_blank" href="/vp/products/9047306567?itemId=26552801383&amp;searchId=feed-d55817607a6841e1989e07c6181dc47c-view_together_ads-P9007354491&amp;vendorItemId=93418355422&amp;sourceType=SDP_ADS&amp;clickEventId=db541850-8e1e-11f0-806d-a098e0380a79" data-adsplatform="{&quot;viewImpression&quot;:&quot;https://mercury.coupang.com/e.gif?r=db541850-8e1e-11f0-806d-a098e0380a79%7E2&quot;,&quot;impressionLogUri&quot;:&quot;https://mercury.coupang.com/e.gif?r=db541850-8e1e-11f0-806d-a098e0380a79%7E1&quot;,&quot;eventId&quot;:&quot;db541850-8e1e-11f0-806d-a098e0380a79&quot;,&quot;clickLogUri&quot;:&quot;https://mercury.coupang.com/e.gif?r=db541850-8e1e-11f0-806d-a098e0380a79%7E3&quot;}" class="impression-logged"><div class="rl-item__image-wrap"><img class="rl-item__image" alt="" src="//thumbnail.coupangcdn.com/thumbnails/remote/300x300ex/image/vendor_inventory/a25e/7582a940642bd302f9df0bcc5ec74e428b4aceaee7f28b2d41f23af06a88.jpg"></div><strong class="rl-item__title">[당일 조업 발송] 인천 연평도 국내산 제철 활 꽃게 (숫꽃게 암꽃게) 서해 산지직송 !!!, 1박스, 숫꽃게 2kg</strong><div class="clearFix twc-flex twc-items-center"><span class="rl-item__price twc-mr-[4px]"><em> 30,400원 </em></span></div><div class="rl-item__unit-price">(100g당 1,520원)</div><div class="rl-item__review"><span class="rl-item__review-score-bg"><span class="rl-item__review-score" style="width: 100%;"><em>100%</em></span></span><span class="rl-item__review-count">(10)</span></div></a></li><li class="rl-item hps-scroll-item"><a target="_blank" href="/vp/products/8302338033?itemId=23952292113&amp;searchId=feed-d55817607a6841e1989e07c6181dc47c-view_together_ads-P9007354491&amp;vendorItemId=90973969123&amp;sourceType=SDP_ADS&amp;clickEventId=db543f60-8e1e-11f0-be72-c688c222c1b8" data-adsplatform="{&quot;viewImpression&quot;:&quot;https://mercury.coupang.com/e.gif?r=db543f60-8e1e-11f0-be72-c688c222c1b8%7E2&quot;,&quot;impressionLogUri&quot;:&quot;https://mercury.coupang.com/e.gif?r=db543f60-8e1e-11f0-be72-c688c222c1b8%7E1&quot;,&quot;eventId&quot;:&quot;db543f60-8e1e-11f0-be72-c688c222c1b8&quot;,&quot;clickLogUri&quot;:&quot;https://mercury.coupang.com/e.gif?r=db543f60-8e1e-11f0-be72-c688c222c1b8%7E3&quot;}" class="impression-logged"><div class="rl-item__image-wrap"><img class="rl-item__image" alt="" src="//thumbnail.coupangcdn.com/thumbnails/remote/300x300ex/image/vendor_inventory/e091/0c4e1bab67d73789a060ef24b03c14d1951ac728400191ba55e1ba2b4e40.jpg"></div><strong class="rl-item__title">푸드지 알배기 몸통만 간장게장, 1개, 3kg</strong><div class="clearFix twc-flex twc-items-center"><span class="rl-item__price twc-mr-[4px]"><em> 35,300원 </em></span></div><div class="rl-item__unit-price">(100g당 1,177원)</div><div class="rl-item__review"><span class="rl-item__review-score-bg"><span class="rl-item__review-score" style="width: 90%;"><em>90%</em></span></span><span class="rl-item__review-count">(764)</span></div></a></li><li class="rl-item hps-scroll-item"><a target="_blank" href="/vp/products/9024118116?itemId=26462080756&amp;searchId=feed-d55817607a6841e1989e07c6181dc47c-view_together_ads-P9007354491&amp;vendorItemId=93437365051&amp;sourceType=SDP_ADS&amp;clickEventId=db543f60-8e1e-11f0-8d9b-3b02b89635b3" data-adsplatform="{&quot;viewImpression&quot;:&quot;https://mercury.coupang.com/e.gif?r=db543f60-8e1e-11f0-8d9b-3b02b89635b3%7E2&quot;,&quot;impressionLogUri&quot;:&quot;https://mercury.coupang.com/e.gif?r=db543f60-8e1e-11f0-8d9b-3b02b89635b3%7E1&quot;,&quot;eventId&quot;:&quot;db543f60-8e1e-11f0-8d9b-3b02b89635b3&quot;,&quot;clickLogUri&quot;:&quot;https://mercury.coupang.com/e.gif?r=db543f60-8e1e-11f0-8d9b-3b02b89635b3%7E3&quot;}" class="impression-logged"><div class="rl-item__image-wrap"><img class="rl-item__image" alt="" src="//thumbnail.coupangcdn.com/thumbnails/remote/300x300ex/image/vendor_inventory/1358/6de0647d72da46b2dd63371fa440bb4c5282a1566ebc2c487e9e35be870a.jpg"></div><strong class="rl-item__title">플라이팜 당일조업 당일선별 싱싱한 서해안 활꽃게, 1개, 5kg</strong><div class="clearFix twc-flex twc-items-center"><span class="rl-item__price twc-mr-[4px]"><em> 61,800원 </em></span></div><div class="rl-item__unit-price">(100g당 1,236원)</div><div class="rl-item__review"><span class="rl-item__review-score-bg"><span class="rl-item__review-score" style="width: 80%;"><em>80%</em></span></span><span class="rl-item__review-count">(68)</span></div></a></li><li class="rl-item hps-scroll-item"><a target="_blank" href="/vp/products/9003621698?itemId=26458982709&amp;searchId=feed-d55817607a6841e1989e07c6181dc47c-view_together_ads-P9007354491&amp;vendorItemId=90978542175&amp;sourceType=SDP_ADS&amp;clickEventId=db543f60-8e1e-11f0-ad88-bedfa76c6d8c" data-adsplatform="{&quot;viewImpression&quot;:&quot;https://mercury.coupang.com/e.gif?r=db543f60-8e1e-11f0-ad88-bedfa76c6d8c%7E2&quot;,&quot;impressionLogUri&quot;:&quot;https://mercury.coupang.com/e.gif?r=db543f60-8e1e-11f0-ad88-bedfa76c6d8c%7E1&quot;,&quot;eventId&quot;:&quot;db543f60-8e1e-11f0-ad88-bedfa76c6d8c&quot;,&quot;clickLogUri&quot;:&quot;https://mercury.coupang.com/e.gif?r=db543f60-8e1e-11f0-ad88-bedfa76c6d8c%7E3&quot;}" class="impression-logged"><div class="rl-item__image-wrap"><img class="rl-item__image" alt="" src="//thumbnail.coupangcdn.com/thumbnails/remote/300x300ex/image/vendor_inventory/8390/6442004c2ec623bd7fefc58311d7b507f750ff2c6aaa32844c11c32a6f8a.jpg"></div><strong class="rl-item__title">[당일조업/산지직송] 서해 꽃게 안면도 제철 생물 활꽃게[ 특A급 ] 숫꽃게 가을꽃게 3kg, 1개, 숫 꽃게 3kg 특 (6~9미내외)</strong><div class="clearFix twc-flex twc-items-center"><span class="rl-item__price twc-mr-[4px]"><em> 54,900원 </em></span></div><div class="rl-item__unit-price">(100g당 5,490원)</div><div class="rl-item__review"><span class="rl-item__review-score-bg"><span class="rl-item__review-score" style="width: 90%;"><em>90%</em></span></span><span class="rl-item__review-count">(9)</span></div></a></li><li class="rl-item hps-scroll-item"><a target="_blank" href="/vp/products/9016549249?itemId=26434253320&amp;searchId=feed-d55817607a6841e1989e07c6181dc47c-view_together_ads-P9007354491&amp;vendorItemId=93409968575&amp;sourceType=SDP_ADS&amp;clickEventId=db543f60-8e1e-11f0-9f9b-425ea9eb6390" data-adsplatform="{&quot;viewImpression&quot;:&quot;https://mercury.coupang.com/e.gif?r=db543f60-8e1e-11f0-9f9b-425ea9eb6390%7E2&quot;,&quot;impressionLogUri&quot;:&quot;https://mercury.coupang.com/e.gif?r=db543f60-8e1e-11f0-9f9b-425ea9eb6390%7E1&quot;,&quot;eventId&quot;:&quot;db543f60-8e1e-11f0-9f9b-425ea9eb6390&quot;,&quot;clickLogUri&quot;:&quot;https://mercury.coupang.com/e.gif?r=db543f60-8e1e-11f0-9f9b-425ea9eb6390%7E3&quot;}" class="impression-logged"><div class="rl-item__image-wrap"><img class="rl-item__image" alt="" src="//thumbnail.coupangcdn.com/thumbnails/remote/300x300ex/image/vendor_inventory/image_audit/stage/manual/2f73f6c1ab5cf5deedeeb00ad1df8119de1c106454cb735305a4362e00ba_1756346649317.png"></div><strong class="rl-item__title">산지직송 싱싱수산 제철 서해 100% 빙장 A급 활 숫꽃게 1kg, 1개, 숫꽃게 1kg (3~5미)</strong><div class="clearFix twc-flex twc-items-center"><span class="rl-item__price twc-mr-[4px]"><em> 13,600원 </em></span></div><div class="rl-item__unit-price">(100g당 1,360원)</div></a></li><li class="rl-item hps-scroll-item"><a target="_blank" href="/vp/products/9009973898?itemId=26409414386&amp;searchId=feed-d55817607a6841e1989e07c6181dc47c-view_together_ads-P9007354491&amp;vendorItemId=93385491179&amp;sourceType=SDP_ADS&amp;clickEventId=db543f60-8e1e-11f0-89cf-1f6690df838f" data-adsplatform="{&quot;viewImpression&quot;:&quot;https://mercury.coupang.com/e.gif?r=db543f60-8e1e-11f0-89cf-1f6690df838f%7E2&quot;,&quot;impressionLogUri&quot;:&quot;https://mercury.coupang.com/e.gif?r=db543f60-8e1e-11f0-89cf-1f6690df838f%7E1&quot;,&quot;eventId&quot;:&quot;db543f60-8e1e-11f0-89cf-1f6690df838f&quot;,&quot;clickLogUri&quot;:&quot;https://mercury.coupang.com/e.gif?r=db543f60-8e1e-11f0-89cf-1f6690df838f%7E3&quot;}" class="impression-logged"><div class="rl-item__image-wrap"><img class="rl-item__image" alt="" src="//thumbnail.coupangcdn.com/thumbnails/remote/300x300ex/image/vendor_inventory/3664/c64f54c61ca607646f0dd0a1e51be81c42e5bb0095a5ca1447b9b62d75fa.png"></div><strong class="rl-item__title">[신선직송] 담백살 가득 A급 활 숫꽃게, 1개, 1kg(3-5미)</strong><div class="clearFix twc-flex twc-items-center"><span class="rl-item__price twc-mr-[4px]"><em> 24,900원 </em></span></div><div class="rl-item__unit-price">(100g당 2,490원)</div><div class="rl-item__review"><span class="rl-item__review-score-bg"><span class="rl-item__review-score" style="width: 80%;"><em>80%</em></span></span><span class="rl-item__review-count">(5)</span></div></a></li><li class="rl-item hps-scroll-item"><a target="_blank" href="/vp/products/8720688577?itemId=25322116964&amp;searchId=feed-d55817607a6841e1989e07c6181dc47c-view_together_ads-P9007354491&amp;vendorItemId=92315580056&amp;sourceType=SDP_ADS&amp;clickEventId=db543f60-8e1e-11f0-b559-a5120fe79360" data-adsplatform="{&quot;viewImpression&quot;:&quot;https://mercury.coupang.com/e.gif?r=db543f60-8e1e-11f0-b559-a5120fe79360%7E2&quot;,&quot;impressionLogUri&quot;:&quot;https://mercury.coupang.com/e.gif?r=db543f60-8e1e-11f0-b559-a5120fe79360%7E1&quot;,&quot;eventId&quot;:&quot;db543f60-8e1e-11f0-b559-a5120fe79360&quot;,&quot;clickLogUri&quot;:&quot;https://mercury.coupang.com/e.gif?r=db543f60-8e1e-11f0-b559-a5120fe79360%7E3&quot;}" class="impression-logged"><div class="rl-item__image-wrap"><img class="rl-item__image" alt="" src="//thumbnail.coupangcdn.com/thumbnails/remote/300x300ex/image/vendor_inventory/c6fa/291381bb6a47db0e563a1df3c81017f71a4f2241ab508b3ab83edd7850d1.png"></div><strong class="rl-item__title">[청춘찬가]연평도 암꽃게 간장게장 꽉찬 알배기 국내산, 2.5kg, 1개</strong><div class="clearFix twc-flex twc-items-center"><span class="rl-item__price twc-mr-[4px]"><em> 33,800원 </em></span></div><div class="rl-item__unit-price">(100g당 1,352원)</div><div class="rl-item__review"><span class="rl-item__review-score-bg"><span class="rl-item__review-score" style="width: 100%;"><em>100%</em></span></span><span class="rl-item__review-count">(10)</span></div></a></li><li class="rl-item hps-scroll-item"><a target="_blank" href="/vp/products/7101860944?itemId=25436452274&amp;searchId=feed-d55817607a6841e1989e07c6181dc47c-view_together_ads-P9007354491&amp;vendorItemId=92429413513&amp;sourceType=SDP_ADS&amp;clickEventId=db543f60-8e1e-11f0-b4c1-914db86c44b0" data-adsplatform="{&quot;viewImpression&quot;:&quot;https://mercury.coupang.com/e.gif?r=db543f60-8e1e-11f0-b4c1-914db86c44b0%7E2&quot;,&quot;impressionLogUri&quot;:&quot;https://mercury.coupang.com/e.gif?r=db543f60-8e1e-11f0-b4c1-914db86c44b0%7E1&quot;,&quot;eventId&quot;:&quot;db543f60-8e1e-11f0-b4c1-914db86c44b0&quot;,&quot;clickLogUri&quot;:&quot;https://mercury.coupang.com/e.gif?r=db543f60-8e1e-11f0-b4c1-914db86c44b0%7E3&quot;}" class="impression-logged"><div class="rl-item__image-wrap"><img class="rl-item__image" alt="" src="//thumbnail.coupangcdn.com/thumbnails/remote/300x300ex/image/vendor_inventory/032e/5de653c93a2fe413130b8703a7f1ceb3f3a5c70f12c29f725840d6efde37.jpg"></div><strong class="rl-item__title">[연평도 암꽃게] 간단한식사 추천 혼밥 간장게장, 1개, 750g</strong><div class="clearFix twc-flex twc-items-center"><span class="rl-item__price twc-mr-[4px]"><em> 16,830원 </em></span></div><div class="rl-item__unit-price">(100g당 2,244원)</div><div class="rl-item__review"><span class="rl-item__review-score-bg"><span class="rl-item__review-score" style="width: 100%;"><em>100%</em></span></span><span class="rl-item__review-count">(11)</span></div></a></li><li class="rl-item hps-scroll-item"><a target="_blank" href="/vp/products/9021550714?itemId=26452174491&amp;searchId=feed-d55817607a6841e1989e07c6181dc47c-view_together_ads-P9007354491&amp;vendorItemId=93427609775&amp;sourceType=SDP_ADS&amp;clickEventId=db543f60-8e1e-11f0-a43c-c1a35bc59874" data-adsplatform="{&quot;viewImpression&quot;:&quot;https://mercury.coupang.com/e.gif?r=db543f60-8e1e-11f0-a43c-c1a35bc59874%7E2&quot;,&quot;impressionLogUri&quot;:&quot;https://mercury.coupang.com/e.gif?r=db543f60-8e1e-11f0-a43c-c1a35bc59874%7E1&quot;,&quot;eventId&quot;:&quot;db543f60-8e1e-11f0-a43c-c1a35bc59874&quot;,&quot;clickLogUri&quot;:&quot;https://mercury.coupang.com/e.gif?r=db543f60-8e1e-11f0-a43c-c1a35bc59874%7E3&quot;}" class="impression-logged"><div class="rl-item__image-wrap"><img class="rl-item__image" alt="" src="//thumbnail.coupangcdn.com/thumbnails/remote/300x300ex/image/vendor_inventory/bf0d/077313a5c0bc6e0d0dc82991a767624bd02e85f070f097040f63c0d4a135.jpg"></div><strong class="rl-item__title">영롱한수산 산지직송 국내산 살아있는 활 꽃게1kg (3-4미) 1박스, 1개, 1kg</strong><div class="clearFix twc-flex twc-items-center"><span class="rl-item__price twc-mr-[4px]"><em> 19,900원 </em></span></div><div class="rl-item__unit-price">(100g당 1,990원)</div><div class="rl-item__review"><span class="rl-item__review-score-bg"><span class="rl-item__review-score" style="width: 100%;"><em>100%</em></span></span><span class="rl-item__review-count">(10)</span></div></a></li><li class="rl-item hps-scroll-item"><a target="_blank" href="/vp/products/9024591282?itemId=26464700115&amp;searchId=feed-d55817607a6841e1989e07c6181dc47c-view_together_ads-P9007354491&amp;vendorItemId=93439941022&amp;sourceType=SDP_ADS&amp;clickEventId=db543f60-8e1e-11f0-bdb8-43bd1b230b7a" data-adsplatform="{&quot;viewImpression&quot;:&quot;https://mercury.coupang.com/e.gif?r=db543f60-8e1e-11f0-bdb8-43bd1b230b7a%7E2&quot;,&quot;impressionLogUri&quot;:&quot;https://mercury.coupang.com/e.gif?r=db543f60-8e1e-11f0-bdb8-43bd1b230b7a%7E1&quot;,&quot;eventId&quot;:&quot;db543f60-8e1e-11f0-bdb8-43bd1b230b7a&quot;,&quot;clickLogUri&quot;:&quot;https://mercury.coupang.com/e.gif?r=db543f60-8e1e-11f0-bdb8-43bd1b230b7a%7E3&quot;}" class="impression-logged"><div class="rl-item__image-wrap"><img class="rl-item__image" alt="" src="//thumbnail.coupangcdn.com/thumbnails/remote/300x300ex/image/vendor_inventory/daf2/d5fc629838dbaff34657836a17a3e5312b3e9e798e3e7ad6c93120f02e38.jpg"></div><strong class="rl-item__title">[재구매율1위] 서해안 활 숫꽃게 당일조업 수율보장 선별품 제철 꽃게 디아머스, 1개, 2kg 내외</strong><div class="clearFix twc-flex twc-items-center"><span class="rl-item__price twc-mr-[4px]"><em> 27,800원 </em></span></div><div class="rl-item__unit-price">(100g당 1,390원)</div><div class="rl-item__review"><span class="rl-item__review-score-bg"><span class="rl-item__review-score" style="width: 100%;"><em>100%</em></span></span><span class="rl-item__review-count">(4)</span></div></a></li><li class="rl-item hps-scroll-item"><a target="_blank" href="/vp/products/9022288556?itemId=26455840871&amp;searchId=feed-d55817607a6841e1989e07c6181dc47c-view_together_ads-P9007354491&amp;vendorItemId=93431215982&amp;sourceType=SDP_ADS&amp;clickEventId=db546670-8e1e-11f0-a576-8f4c768f421b" data-adsplatform="{&quot;viewImpression&quot;:&quot;https://mercury.coupang.com/e.gif?r=db546670-8e1e-11f0-a576-8f4c768f421b%7E2&quot;,&quot;impressionLogUri&quot;:&quot;https://mercury.coupang.com/e.gif?r=db546670-8e1e-11f0-a576-8f4c768f421b%7E1&quot;,&quot;eventId&quot;:&quot;db546670-8e1e-11f0-a576-8f4c768f421b&quot;,&quot;clickLogUri&quot;:&quot;https://mercury.coupang.com/e.gif?r=db546670-8e1e-11f0-a576-8f4c768f421b%7E3&quot;}" class="impression-logged"><div class="rl-item__image-wrap"><img class="rl-item__image" alt="" src="//thumbnail.coupangcdn.com/thumbnails/remote/300x300ex/image/vendor_inventory/2f57/1b47e9b5326223e7787e077124f86a1e2c6b5190e025531c21dabd0133b4.jpg"></div><strong class="rl-item__title">[선별특품] 서해안 활 숫꽃게 당일조업 살이꽉찬 제철 꽃게 디아머스, 1박스, 6kg</strong><div class="clearFix twc-flex twc-items-center"><span class="rl-item__price twc-mr-[4px]"><em> 75,960원 </em></span></div><div class="rl-item__unit-price">(100g당 1,266원)</div><div class="rl-item__review"><span class="rl-item__review-score-bg"><span class="rl-item__review-score" style="width: 100%;"><em>100%</em></span></span><span class="rl-item__review-count">(3)</span></div></a></li><li class="rl-item hps-scroll-item"><a target="_blank" href="/vp/products/9010574827?itemId=26412631427&amp;searchId=feed-d55817607a6841e1989e07c6181dc47c-view_together_ads-P9007354491&amp;vendorItemId=93388663970&amp;sourceType=SDP_ADS&amp;clickEventId=db546670-8e1e-11f0-9907-4b9df940611f" data-adsplatform="{&quot;viewImpression&quot;:&quot;https://mercury.coupang.com/e.gif?r=db546670-8e1e-11f0-9907-4b9df940611f%7E2&quot;,&quot;impressionLogUri&quot;:&quot;https://mercury.coupang.com/e.gif?r=db546670-8e1e-11f0-9907-4b9df940611f%7E1&quot;,&quot;eventId&quot;:&quot;db546670-8e1e-11f0-9907-4b9df940611f&quot;,&quot;clickLogUri&quot;:&quot;https://mercury.coupang.com/e.gif?r=db546670-8e1e-11f0-9907-4b9df940611f%7E3&quot;}" class="impression-logged"><div class="rl-item__image-wrap"><img class="rl-item__image" alt="" src="//thumbnail.coupangcdn.com/thumbnails/remote/300x300ex/image/vendor_inventory/3907/14d87803375f7a23c8d3494d92c544c6f0d31509421d89e3afe0a9e14f24.jpg"></div><strong class="rl-item__title">[선별특품] 연평도 냉동 암꽃게 100% 알배기 수율보장 디아머스, 1개, 2kg (특대 6-10미)</strong><div class="clearFix twc-flex twc-items-center"><span class="rl-item__price twc-mr-[4px]"><em> 41,800원 </em></span></div><div class="rl-item__unit-price">(100g당 2,090원)</div><div class="rl-item__review"><span class="rl-item__review-score-bg"><span class="rl-item__review-score" style="width: 70%;"><em>70%</em></span></span><span class="rl-item__review-count">(10)</span></div></a></li><li class="rl-item hps-scroll-item"><a target="_blank" href="/vp/products/7398953743?itemId=24803286508&amp;searchId=feed-d55817607a6841e1989e07c6181dc47c-view_together_ads-P9007354491&amp;vendorItemId=75170840207&amp;sourceType=SDP_ADS&amp;clickEventId=db546670-8e1e-11f0-af22-52d9a7a4225e" data-adsplatform="{&quot;viewImpression&quot;:&quot;https://mercury.coupang.com/e.gif?r=db546670-8e1e-11f0-af22-52d9a7a4225e%7E2&quot;,&quot;impressionLogUri&quot;:&quot;https://mercury.coupang.com/e.gif?r=db546670-8e1e-11f0-af22-52d9a7a4225e%7E1&quot;,&quot;eventId&quot;:&quot;db546670-8e1e-11f0-af22-52d9a7a4225e&quot;,&quot;clickLogUri&quot;:&quot;https://mercury.coupang.com/e.gif?r=db546670-8e1e-11f0-af22-52d9a7a4225e%7E3&quot;}" class="impression-logged"><div class="rl-item__image-wrap"><img class="rl-item__image" alt="" src="//thumbnail.coupangcdn.com/thumbnails/remote/300x300ex/image/vendor_inventory/207b/deefdb2f4d59cc3484a2b0193eb71075fe6229bf869f6b07df299a0a7a36.jpg"></div><strong class="rl-item__title">씨푸드코리아 국내산 연평도 암꽃게 간장게장 4~5미, 2.5kg, 1개</strong><div class="clearFix twc-flex twc-items-center"><span class="rl-item__price twc-mr-[4px]"><em> 27,730원 </em></span></div><div class="rl-item__unit-price">(100g당 1,109원)</div><div class="rl-item__review"><span class="rl-item__review-score-bg"><span class="rl-item__review-score" style="width: 90%;"><em>90%</em></span></span><span class="rl-item__review-count">(5,381)</span></div></a></li><li class="rl-item hps-scroll-item"><a target="_blank" href="/vp/products/8880617122?itemId=25917627607&amp;searchId=feed-d55817607a6841e1989e07c6181dc47c-view_together_ads-P9007354491&amp;vendorItemId=92903176773&amp;sourceType=SDP_ADS&amp;clickEventId=db546670-8e1e-11f0-ac2b-d668bdb43a76" data-adsplatform="{&quot;viewImpression&quot;:&quot;https://mercury.coupang.com/e.gif?r=db546670-8e1e-11f0-ac2b-d668bdb43a76%7E2&quot;,&quot;impressionLogUri&quot;:&quot;https://mercury.coupang.com/e.gif?r=db546670-8e1e-11f0-ac2b-d668bdb43a76%7E1&quot;,&quot;eventId&quot;:&quot;db546670-8e1e-11f0-ac2b-d668bdb43a76&quot;,&quot;clickLogUri&quot;:&quot;https://mercury.coupang.com/e.gif?r=db546670-8e1e-11f0-ac2b-d668bdb43a76%7E3&quot;}" class="impression-logged"><div class="rl-item__image-wrap"><img class="rl-item__image" alt="" src="//thumbnail.coupangcdn.com/thumbnails/remote/300x300ex/image/vendor_inventory/75b4/b8ca43938d5925a0e6722d5aeabd61ad0129c4cb8aa673162adab03672ef.jpg"></div><strong class="rl-item__title">[미식탁] 특A급 라이브 활 박달대게 생물 자숙 수율보장 마가단 프리모리, (활)특A급 박달대게 2kg, 1박스, A급 러시아 박달대게 3kg</strong><div class="clearFix twc-flex twc-items-center"><span class="rl-item__price twc-mr-[4px]"><em> 138,900원 </em></span></div><div class="rl-item__review"><span class="rl-item__review-score-bg"><span class="rl-item__review-score" style="width: 100%;"><em>100%</em></span></span><span class="rl-item__review-count">(2)</span></div></a></li><li class="rl-item hps-scroll-item"><a target="_blank" href="/vp/products/8806113801?itemId=25629589119&amp;searchId=feed-d55817607a6841e1989e07c6181dc47c-view_together_ads-P9007354491&amp;vendorItemId=92619753558&amp;sourceType=SDP_ADS&amp;clickEventId=db546670-8e1e-11f0-b3a1-409e14cdd0e3" data-adsplatform="{&quot;viewImpression&quot;:&quot;https://mercury.coupang.com/e.gif?r=db546670-8e1e-11f0-b3a1-409e14cdd0e3%7E2&quot;,&quot;impressionLogUri&quot;:&quot;https://mercury.coupang.com/e.gif?r=db546670-8e1e-11f0-b3a1-409e14cdd0e3%7E1&quot;,&quot;eventId&quot;:&quot;db546670-8e1e-11f0-b3a1-409e14cdd0e3&quot;,&quot;clickLogUri&quot;:&quot;https://mercury.coupang.com/e.gif?r=db546670-8e1e-11f0-b3a1-409e14cdd0e3%7E3&quot;}" class="impression-logged"><div class="rl-item__image-wrap"><img class="rl-item__image" alt="" src="//thumbnail.coupangcdn.com/thumbnails/remote/300x300ex/image/vendor_inventory/cbb3/749ad8c7d6e381a0e7b6b99cb7aec947d0a49645c2a48be5dd7df3a0037b.jpg"></div><strong class="rl-item__title">[미식탁] 해녀채취 국내산 제철 보라성게 자연산 성게알 우니 100g, 거제 보라성게알 100g(생물), 1개</strong><div class="clearFix twc-flex twc-items-center"><span class="rl-item__price twc-mr-[4px]"><em> 25,900원 </em></span></div><div class="rl-item__unit-price">(10g당 2,590원)</div><div class="rl-item__review"><span class="rl-item__review-score-bg"><span class="rl-item__review-score" style="width: 100%;"><em>100%</em></span></span><span class="rl-item__review-count">(2)</span></div></a></li><li class="rl-item hps-scroll-item"><a target="_blank" href="/vp/products/8744610748?itemId=25415020072&amp;searchId=feed-d55817607a6841e1989e07c6181dc47c-view_together_ads-P9007354491&amp;vendorItemId=92408356977&amp;sourceType=SDP_ADS&amp;clickEventId=db546670-8e1e-11f0-90e9-1bf3d009e980" data-adsplatform="{&quot;viewImpression&quot;:&quot;https://mercury.coupang.com/e.gif?r=db546670-8e1e-11f0-90e9-1bf3d009e980%7E2&quot;,&quot;impressionLogUri&quot;:&quot;https://mercury.coupang.com/e.gif?r=db546670-8e1e-11f0-90e9-1bf3d009e980%7E1&quot;,&quot;eventId&quot;:&quot;db546670-8e1e-11f0-90e9-1bf3d009e980&quot;,&quot;clickLogUri&quot;:&quot;https://mercury.coupang.com/e.gif?r=db546670-8e1e-11f0-90e9-1bf3d009e980%7E3&quot;}" class="impression-logged"><div class="rl-item__image-wrap"><img class="rl-item__image" alt="" src="//thumbnail.coupangcdn.com/thumbnails/remote/300x300ex/image/vendor_inventory/220a/b1f394294bedea4a3dfe983a5de30588dfb65107d26dc58ce77cb086c12a.jpg"></div><strong class="rl-item__title">[미식탁] 국내산 동해안 자연산 생 대구 3kg 3-6미 원물 생물, 생대구 3kg(3-6미) 원물</strong><div class="clearFix twc-flex twc-items-center"><span class="rl-item__price twc-mr-[4px]"><em> 19,900원 </em></span></div><div class="rl-item__review"><span class="rl-item__review-score-bg"><span class="rl-item__review-score" style="width: 80%;"><em>80%</em></span></span><span class="rl-item__review-count">(10)</span></div></a></li><li class="rl-item hps-scroll-item"><a target="_blank" href="/vp/products/8103348139?itemId=22929957427&amp;searchId=feed-d55817607a6841e1989e07c6181dc47c-view_together_ads-P9007354491&amp;vendorItemId=89964335288&amp;sourceType=SDP_ADS&amp;clickEventId=db546670-8e1e-11f0-906f-36c7d96ae8ce" data-adsplatform="{&quot;viewImpression&quot;:&quot;https://mercury.coupang.com/e.gif?r=db546670-8e1e-11f0-906f-36c7d96ae8ce%7E2&quot;,&quot;impressionLogUri&quot;:&quot;https://mercury.coupang.com/e.gif?r=db546670-8e1e-11f0-906f-36c7d96ae8ce%7E1&quot;,&quot;eventId&quot;:&quot;db546670-8e1e-11f0-906f-36c7d96ae8ce&quot;,&quot;clickLogUri&quot;:&quot;https://mercury.coupang.com/e.gif?r=db546670-8e1e-11f0-906f-36c7d96ae8ce%7E3&quot;}" class="impression-logged"><div class="rl-item__image-wrap"><img class="rl-item__image" alt="" src="//thumbnail.coupangcdn.com/thumbnails/remote/300x300ex/image/vendor_inventory/0748/dd8702d3d8220c24572ed7cee949d32344c778348a4ce736cc0b31b26e1c.jpg"></div><strong class="rl-item__title">[가성비 1등] 알배기 간장게장 100% 암꽃게장, 1개, 4kg</strong><div class="clearFix twc-flex twc-items-center"><span class="rl-item__price twc-mr-[4px]"><em> 29,500원 </em></span></div><div class="rl-item__unit-price">(100g당 738원)</div><div class="rl-item__review"><span class="rl-item__review-score-bg"><span class="rl-item__review-score" style="width: 90%;"><em>90%</em></span></span><span class="rl-item__review-count">(71)</span></div></a></li><li class="rl-item hps-scroll-item"><a target="_blank" href="/vp/products/9046971156?itemId=26551849625&amp;searchId=feed-d55817607a6841e1989e07c6181dc47c-view_together_ads-P9007354491&amp;vendorItemId=93525711492&amp;sourceType=SDP_ADS&amp;clickEventId=db548d80-8e1e-11f0-9a22-bf7614115a1b" data-adsplatform="{&quot;viewImpression&quot;:&quot;https://mercury.coupang.com/e.gif?r=db548d80-8e1e-11f0-9a22-bf7614115a1b%7E2&quot;,&quot;impressionLogUri&quot;:&quot;https://mercury.coupang.com/e.gif?r=db548d80-8e1e-11f0-9a22-bf7614115a1b%7E1&quot;,&quot;eventId&quot;:&quot;db548d80-8e1e-11f0-9a22-bf7614115a1b&quot;,&quot;clickLogUri&quot;:&quot;https://mercury.coupang.com/e.gif?r=db548d80-8e1e-11f0-9a22-bf7614115a1b%7E3&quot;}" class="impression-logged"><div class="rl-item__image-wrap"><img class="rl-item__image" alt="" src="//thumbnail.coupangcdn.com/thumbnails/remote/300x300ex/image/vendor_inventory/9e92/a7f96f837b3677537486323a75c929df8eab1b2129f756f9b525df9b14c0.jpg"></div><strong class="rl-item__title">[당일조업] 활 숫꽃게 1kg (3-5미) 꽉 찬 수율에 절정의 싱싱함 서해안 생물 활꽃게, 1세트, 활 숫꽃게 1kg (3-5미)*2개</strong><div class="clearFix twc-flex twc-items-center"><span class="rl-item__price twc-mr-[4px]"><em> 37,400원 </em></span></div><div class="rl-item__unit-price">(100g당 3,740원)</div></a></li><li class="rl-item hps-scroll-item"><a target="_blank" href="/vp/products/9012493396?itemId=26459030976&amp;searchId=feed-d55817607a6841e1989e07c6181dc47c-view_together_ads-P9007354491&amp;vendorItemId=90978495204&amp;sourceType=SDP_ADS&amp;clickEventId=db548d80-8e1e-11f0-9742-f18b901b8d98" data-adsplatform="{&quot;viewImpression&quot;:&quot;https://mercury.coupang.com/e.gif?r=db548d80-8e1e-11f0-9742-f18b901b8d98%7E2&quot;,&quot;impressionLogUri&quot;:&quot;https://mercury.coupang.com/e.gif?r=db548d80-8e1e-11f0-9742-f18b901b8d98%7E1&quot;,&quot;eventId&quot;:&quot;db548d80-8e1e-11f0-9742-f18b901b8d98&quot;,&quot;clickLogUri&quot;:&quot;https://mercury.coupang.com/e.gif?r=db548d80-8e1e-11f0-9742-f18b901b8d98%7E3&quot;}" class="impression-logged"><div class="rl-item__image-wrap"><img class="rl-item__image" alt="" src="//thumbnail.coupangcdn.com/thumbnails/remote/300x300ex/image/vendor_inventory/4474/423374717ebb076d8f21f90b7ccde68b685a306bd833fd629945702d86d8.jpg"></div><strong class="rl-item__title">[당일조업/산지직송] 서해 꽃게 안면도 생물 활 꽃게 숫꽃게 가을꽃게 2kg, 1개, 숫 꽃게 2kg 소 (8~12미내외)</strong><div class="clearFix twc-flex twc-items-center"><span class="rl-item__price twc-mr-[4px]"><em> 26,900원 </em></span></div><div class="rl-item__unit-price">(100g당 2,690원)</div><div class="rl-item__review"><span class="rl-item__review-score-bg"><span class="rl-item__review-score" style="width: 80%;"><em>80%</em></span></span><span class="rl-item__review-count">(10)</span></div></a></li><li class="rl-item hps-scroll-item"><a target="_blank" href="/vp/products/8248618059?itemId=23837727667&amp;searchId=feed-d55817607a6841e1989e07c6181dc47c-view_together_ads-P9007354491&amp;vendorItemId=89080821169&amp;sourceType=SDP_ADS&amp;clickEventId=db548d80-8e1e-11f0-91ca-ba55811460e1" data-adsplatform="{&quot;viewImpression&quot;:&quot;https://mercury.coupang.com/e.gif?r=db548d80-8e1e-11f0-91ca-ba55811460e1%7E2&quot;,&quot;impressionLogUri&quot;:&quot;https://mercury.coupang.com/e.gif?r=db548d80-8e1e-11f0-91ca-ba55811460e1%7E1&quot;,&quot;eventId&quot;:&quot;db548d80-8e1e-11f0-91ca-ba55811460e1&quot;,&quot;clickLogUri&quot;:&quot;https://mercury.coupang.com/e.gif?r=db548d80-8e1e-11f0-91ca-ba55811460e1%7E3&quot;}" class="impression-logged"><div class="rl-item__image-wrap"><img class="rl-item__image" alt="" src="//thumbnail.coupangcdn.com/thumbnails/remote/300x300ex/image/vendor_inventory/9d71/c98f873aeaa4df945f6187dac6ca081e1920a6fea3009d2636471d3b97db.jpg"></div><strong class="rl-item__title">(배터짐) 자숙 브라운크랩 알크랩 꽃게 (일요일&amp;당일발송), 2개, 500g</strong><div class="clearFix twc-flex twc-items-center"><span class="rl-item__price twc-mr-[4px]"><em> 21,650원 </em></span></div><div class="rl-item__unit-price">(100g당 2,165원)</div><div class="rl-item__review"><span class="rl-item__review-score-bg"><span class="rl-item__review-score" style="width: 50%;"><em>50%</em></span></span><span class="rl-item__review-count">(48)</span></div></a></li><li class="rl-item hps-scroll-item"><a target="_blank" href="/vp/products/8953905101?itemId=26193909219&amp;searchId=feed-d55817607a6841e1989e07c6181dc47c-view_together_ads-P9007354491&amp;vendorItemId=92708190958&amp;sourceType=SDP_ADS&amp;clickEventId=db548d80-8e1e-11f0-bc56-431989e332da" data-adsplatform="{&quot;viewImpression&quot;:&quot;https://mercury.coupang.com/e.gif?r=db548d80-8e1e-11f0-bc56-431989e332da%7E2&quot;,&quot;impressionLogUri&quot;:&quot;https://mercury.coupang.com/e.gif?r=db548d80-8e1e-11f0-bc56-431989e332da%7E1&quot;,&quot;eventId&quot;:&quot;db548d80-8e1e-11f0-bc56-431989e332da&quot;,&quot;clickLogUri&quot;:&quot;https://mercury.coupang.com/e.gif?r=db548d80-8e1e-11f0-bc56-431989e332da%7E3&quot;}" class="impression-logged"><div class="rl-item__image-wrap"><img class="rl-item__image" alt="" src="//thumbnail.coupangcdn.com/thumbnails/remote/300x300ex/image/vendor_inventory/646f/07b60e24adc6ceabfbd558eaddf253453176f71c512a6eadc1f6172a4eff.jpg"></div><strong class="rl-item__title">[미식탁] 국내산 제철 봄 알배기 냉동 숫꽃게 암꽃게 1kg 인천 태안 산지직송, 1박스, (활)인천 연안 숫꽃게 1kg, 냉동 암꽃게 1kg(4-6미내외)</strong><div class="clearFix twc-flex twc-items-center"><span class="rl-item__price twc-mr-[4px]"><em> 19,900원 </em></span></div></a></li><li class="rl-item hps-scroll-item"><a target="_blank" href="/vp/products/9022267466?itemId=26425405205&amp;searchId=feed-d55817607a6841e1989e07c6181dc47c-view_together_ads-P9007354491&amp;vendorItemId=90978495212&amp;sourceType=SDP_ADS&amp;clickEventId=db548d80-8e1e-11f0-aa00-8d177e315333" data-adsplatform="{&quot;viewImpression&quot;:&quot;https://mercury.coupang.com/e.gif?r=db548d80-8e1e-11f0-aa00-8d177e315333%7E2&quot;,&quot;impressionLogUri&quot;:&quot;https://mercury.coupang.com/e.gif?r=db548d80-8e1e-11f0-aa00-8d177e315333%7E1&quot;,&quot;eventId&quot;:&quot;db548d80-8e1e-11f0-aa00-8d177e315333&quot;,&quot;clickLogUri&quot;:&quot;https://mercury.coupang.com/e.gif?r=db548d80-8e1e-11f0-aa00-8d177e315333%7E3&quot;}" class="impression-logged"><div class="rl-item__image-wrap"><img class="rl-item__image" alt="" src="//thumbnail.coupangcdn.com/thumbnails/remote/300x300ex/image/vendor_inventory/aacd/be6243d12492c2316ba860f69f01c21081c8a84087ae52470fef0d5501a2.jpg"></div><strong class="rl-item__title">[당일조업/산지직송] 서해 꽃게 안면도 생물 활 꽃게 숫꽃게 가을꽃게 2kg, 1개, 숫 꽃게 2kg 중 (6~8미내외)</strong><div class="clearFix twc-flex twc-items-center"><span class="rl-item__price twc-mr-[4px]"><em> 28,800원 </em></span></div><div class="rl-item__unit-price">(100g당 2,880원)</div><div class="rl-item__review"><span class="rl-item__review-score-bg"><span class="rl-item__review-score" style="width: 80%;"><em>80%</em></span></span><span class="rl-item__review-count">(5)</span></div></a></li><li class="rl-item hps-scroll-item"><a target="_blank" href="/vp/products/8647978222?itemId=25100583161&amp;searchId=feed-d55817607a6841e1989e07c6181dc47c-view_together_ads-P9007354491&amp;vendorItemId=92103727426&amp;sourceType=SDP_ADS&amp;clickEventId=db548d80-8e1e-11f0-bf2e-1b29151d13be" data-adsplatform="{&quot;viewImpression&quot;:&quot;https://mercury.coupang.com/e.gif?r=db548d80-8e1e-11f0-bf2e-1b29151d13be%7E2&quot;,&quot;impressionLogUri&quot;:&quot;https://mercury.coupang.com/e.gif?r=db548d80-8e1e-11f0-bf2e-1b29151d13be%7E1&quot;,&quot;eventId&quot;:&quot;db548d80-8e1e-11f0-bf2e-1b29151d13be&quot;,&quot;clickLogUri&quot;:&quot;https://mercury.coupang.com/e.gif?r=db548d80-8e1e-11f0-bf2e-1b29151d13be%7E3&quot;}" class="impression-logged"><div class="rl-item__image-wrap"><img class="rl-item__image" alt="" src="//thumbnail.coupangcdn.com/thumbnails/remote/300x300ex/image/vendor_inventory/ff98/8f5ad3af02b8f35cc701a62fc1d334715dcd2d386f267313aca893431e66.png"></div><strong class="rl-item__title">물결가득 포항 구룡포 자숙 연지홍게 수율90% 실속형 산지직송, 1박스, 2kg</strong><div class="clearFix twc-flex twc-items-center"><span class="rl-item__price twc-mr-[4px]"><em> 19,400원 </em></span></div><div class="rl-item__unit-price">(100g당 970원)</div><div class="rl-item__review"><span class="rl-item__review-score-bg"><span class="rl-item__review-score" style="width: 90%;"><em>90%</em></span></span><span class="rl-item__review-count">(56)</span></div></a></li><li class="rl-item hps-scroll-item"><a target="_blank" href="/vp/products/8215434785?itemId=23596356529&amp;searchId=feed-d55817607a6841e1989e07c6181dc47c-view_together_ads-P9007354491&amp;vendorItemId=86469328937&amp;sourceType=SDP_ADS&amp;clickEventId=db548d80-8e1e-11f0-bf9a-5f0cd5edc41f" data-adsplatform="{&quot;viewImpression&quot;:&quot;https://mercury.coupang.com/e.gif?r=db548d80-8e1e-11f0-bf9a-5f0cd5edc41f%7E2&quot;,&quot;impressionLogUri&quot;:&quot;https://mercury.coupang.com/e.gif?r=db548d80-8e1e-11f0-bf9a-5f0cd5edc41f%7E1&quot;,&quot;eventId&quot;:&quot;db548d80-8e1e-11f0-bf9a-5f0cd5edc41f&quot;,&quot;clickLogUri&quot;:&quot;https://mercury.coupang.com/e.gif?r=db548d80-8e1e-11f0-bf9a-5f0cd5edc41f%7E3&quot;}" class="impression-logged"><div class="rl-item__image-wrap"><img class="rl-item__image" alt="" src="//thumbnail.coupangcdn.com/thumbnails/remote/300x300ex/image/vendor_inventory/f9d7/b06e4af7ee6bb1aa209a95f00a3a4270e55447dda5d41e038e7b98787bda.jpg"></div><strong class="rl-item__title">삼점 간장 암꽃게장 4kg(2kg + 2kg), 4kg, 1개</strong><div class="clearFix twc-flex twc-items-center"><span class="rl-item__price twc-mr-[4px]"><em> 22,960원 </em></span></div><div class="rl-item__unit-price">(100g당 574원)</div><div class="rl-item__review"><span class="rl-item__review-score-bg"><span class="rl-item__review-score" style="width: 80%;"><em>80%</em></span></span><span class="rl-item__review-count">(315)</span></div></a></li></ul></div><a href="#" class="carousel-arrow-button prev"></a><a href="#" class="carousel-arrow-button next"></a></div></div></div><div class="personalizedGW full-width"><div class="carousel-widget-container gw_promotion "><div class="promotion-decker-carousel"><div class="promotion-carousel-header"><div class="promotion-title"> 오늘의 <span class="twc-text-[#cb1400]">판매자 특가</span></div><div class="promotion-carousel-page-counter"><em>1</em><span>/5</span></div></div><div class="promotion-carousel-body"><div class="promotion-carousel-scroller-wrap"><div class="carousel-scroller" style="transform: translateX(0%);"><ul class="carousel-list promotion-carousel-list "><li class="promotion-carousel-item"><a data-vendor-item-id="93437186091" data-vendor-id="A00456750" data-product-id="9024080370" data-item-id="26461898084" data-tracking-tag="" data-impression-log-uri="https://mercury.coupang.com/e.gif?t=101&amp;r=3gVIz-PCTfpb1bcX3huQkmNJ1FdEaUg3blc_BFh3bOdD0KcCSKrbLmFLHF73VU54hXEg8Kvc3LvFx6ABsRdR4RCHcW4P1NtXeRSqmk9z1_oaOEX0Vw8kPdX_irFLzH0GRWBG5v6tMQJxjvxvJ-Jl6QKHdVFNhDaH8wfcla_bE_F924tD9OTWRDribW97CFn5wQ98HHgNA3kH5Elp1cx1xuKhVApVk8cGUT84I32zuPbyLWdBo5iPFa5Osn8z0eiQGLvvCrP-L_m6KgF3AklO6rCDwWVm2ebxTVbqZ2TEbGhXXtavNzibbMhVrDys-gXZsL28u116" data-click-log-uri="https://mercury.coupang.com/e.gif?t=100&amp;r=DVkGG_IAD0_dmBDmDf8vcZFJVWg-SqYKa6fz7Hd0zUWcKaMaBNBeSDr4oSPzfQ5FqZ8Uja6TVgeJcJFRZijaJPeErgc9QM9XAJTjuc2bsUg0Y45SmqKvwfBahE3ccAF_TCZfoMpQ2ORx23SfFWoM42ah-Kf03H4Saor19RzXD5esu9KBBgOHO6tUcDJBb39hibuVrool6E1OXupU7v2Tiu2ViJXvnnZexzVHGmqNpjopIZ1gAPnL1miYYf2ZCP_P3LXxfJXrR9OozoNSZKS24XubKS1B1DTJ__ZnEZuhbTY0ZPtQXeAeOCPbIJehlUAyBg%3D%3D" data-click-logging="{&quot;targetProductId&quot;:9024080370,&quot;targetVendorItemId&quot;:93437186091,&quot;targetItemId&quot;:26461898084,&quot;pageName&quot;:&quot;recommendation&quot;,&quot;domain&quot;:&quot;sdp&quot;,&quot;eventName&quot;:&quot;sdp_bottom_promotion&quot;}" data-adsplatform="{&quot;clickLogUri&quot;:&quot;https://mercury.coupang.com/e.gif?t=100&amp;r=DVkGG_IAD0_dmBDmDf8vcZFJVWg-SqYKa6fz7Hd0zUWcKaMaBNBeSDr4oSPzfQ5FqZ8Uja6TVgeJcJFRZijaJPeErgc9QM9XAJTjuc2bsUg0Y45SmqKvwfBahE3ccAF_TCZfoMpQ2ORx23SfFWoM42ah-Kf03H4Saor19RzXD5esu9KBBgOHO6tUcDJBb39hibuVrool6E1OXupU7v2Tiu2ViJXvnnZexzVHGmqNpjopIZ1gAPnL1miYYf2ZCP_P3LXxfJXrR9OozoNSZKS24XubKS1B1DTJ__ZnEZuhbTY0ZPtQXeAeOCPbIJehlUAyBg%3D%3D&quot;, &quot;impressionLogUri&quot;:&quot;https://mercury.coupang.com/e.gif?t=101&amp;r=3gVIz-PCTfpb1bcX3huQkmNJ1FdEaUg3blc_BFh3bOdD0KcCSKrbLmFLHF73VU54hXEg8Kvc3LvFx6ABsRdR4RCHcW4P1NtXeRSqmk9z1_oaOEX0Vw8kPdX_irFLzH0GRWBG5v6tMQJxjvxvJ-Jl6QKHdVFNhDaH8wfcla_bE_F924tD9OTWRDribW97CFn5wQ98HHgNA3kH5Elp1cx1xuKhVApVk8cGUT84I32zuPbyLWdBo5iPFa5Osn8z0eiQGLvvCrP-L_m6KgF3AklO6rCDwWVm2ebxTVbqZ2TEbGhXXtavNzibbMhVrDys-gXZsL28u116&quot;, &quot;viewImpression&quot;: &quot;https://mercury.coupang.com/e.gif?t=102&amp;r=3WMbouV2TdeC1Sn13eVThPEe_S_tjTo63FcHDOVNNHPFZIltZ1e1tVu5n0WjYBVqbzoTd3cvtV9FHAEV8zT4hNtFk5OtTDYM_j3bwQuM8ttCPq3PsL9XC0ZfwM44GBusghESvHQ0cfYCmNVynThYZMRMP_sNPLORd9rOE1U8y2O4cAeW-QnnPWhq7VkOCCrNR8N3xNpR156f7PnD7hqCi6bNDfTs6IEO3I9PoGyYKHSN3LreMuI-n31qhQMwAE9ah5-GxCjLg8ofZlQvk4304Fka85qgLnkCRZsRpkqeZH2iH-wCgYkAzIVYImQ1nXMX&quot; }" target="_blank" href="/vp/products/9024080370?vendorItemId=93437186091&amp;sourceType=sdp_bottom_promotion&amp;searchId=feed-b726b1da878744758573d07aa1c1d45c-3.3.107:gw_promotion" class="impression-logged"><div class="promotion-item-image"><img alt="2025 제철 서해안 활 숫꽃게, 1세트, 3kg(9~15미)" loading="lazy" src="//thumbnail3.coupangcdn.com/thumbnails/remote/292x292q65ex/image/vendor_inventory/4960/304b7d32fc9af8244b60e90abd5c35fa8c10b46f95e659bf35c98473df80.jpg"></div><div class="promotion-badge">특가진행중</div><div class="promotion-item-info-wrap"><div class="item-title">2025 제철 서해안 활 숫꽃게, 1세트, 3kg(9~15미)</div><div class="discount-contain"><span class="discount-text">와우할인가</span><span class="discount-rate">29%</span><span class="origin-price">50,900</span></div><div class="promotion-item-price-contain"><span class="sales-price">35,910원</span></div><div class="unit-price">(100g 1,197원)</div><div class="pdd-text">9/13(토) 도착 예정</div><div class="delivery-text">무료배송</div><div class="promotion-item-review"><span class="split-bg item-review-score-bg"><span class="item-review-score split-bg" style="width: 60%;">60%</span></span><span class="promotion-item-review-count">(4)</span></div><div class="stock_percent_contain"><div class="progress_contain"><div class="progress_position" style="width: 1%;"></div></div><div class="progress_text">1 % 남음</div></div></div></a></li><li class="promotion-carousel-item"><a data-vendor-item-id="93428657307" data-vendor-id="A01388453" data-product-id="9021791761" data-item-id="26453244007" data-tracking-tag="" data-impression-log-uri="https://mercury.coupang.com/e.gif?t=101&amp;r=cf-h9F3cCDYXNvjOcdlViDmcCKc2IW6wNHtudmGiSYi2vXRBi-GnwEKLvuz-mEo1j3bhUlX24337NSkdfRlfMCGNKEWCVCNmz2lmkhZMv_Xf6wX3qi-NPet4o2IByb4lxqfHMsO5ZMXraDQoW7julJI3XzHii27BY7Y7P9M0UuLVd864JNfAyfPsZ0j9PHmaC1irCpzFTroOhHdq5cWsXcBHN3usmvVZUdrwlVr64H77RZCM9-QU8VutSmJT4IJeBIovy69lA0AVh-ZgI5tNcIEQfpzf3xqa1vsBboLa0pSPaa5XnLBuQMK0qirhpjxNOH3aehH0SQ0%3D" data-click-log-uri="https://mercury.coupang.com/e.gif?t=100&amp;r=NcV61IbDCsqVmp8pNRiPwyCzkpBJSJaqIVq4nu9cUP2z5D315Xl5X0C9z71F24jiwxrffNvXfZ-m6a_Eu3kU5BU0EHLfVu42iJHv5G6QTDp19Lv1aKslbt9LoFRJZgdItGZpnptr_mUB2H0mi3k9qhu3rQaYbXMYc7TH6SfumiiBWgX0ow6tJVPtuAGyPjkMBUZjqdkdX4wPL1tnqjPL9P1DMYmBAxn8IOyp5wZNbs1WBBbtaTczGBApU-g8yEcR7Ux9oJ2Vb8qqs2_T8wUa5xCKQTH3Z6wdxQy_lfYxd1sd1D_nAq6DgpaT-kMn8YU7D4AB" data-click-logging="{&quot;targetProductId&quot;:9021791761,&quot;targetVendorItemId&quot;:93428657307,&quot;targetItemId&quot;:26453244007,&quot;pageName&quot;:&quot;recommendation&quot;,&quot;domain&quot;:&quot;sdp&quot;,&quot;eventName&quot;:&quot;sdp_bottom_promotion&quot;}" data-adsplatform="{&quot;clickLogUri&quot;:&quot;https://mercury.coupang.com/e.gif?t=100&amp;r=NcV61IbDCsqVmp8pNRiPwyCzkpBJSJaqIVq4nu9cUP2z5D315Xl5X0C9z71F24jiwxrffNvXfZ-m6a_Eu3kU5BU0EHLfVu42iJHv5G6QTDp19Lv1aKslbt9LoFRJZgdItGZpnptr_mUB2H0mi3k9qhu3rQaYbXMYc7TH6SfumiiBWgX0ow6tJVPtuAGyPjkMBUZjqdkdX4wPL1tnqjPL9P1DMYmBAxn8IOyp5wZNbs1WBBbtaTczGBApU-g8yEcR7Ux9oJ2Vb8qqs2_T8wUa5xCKQTH3Z6wdxQy_lfYxd1sd1D_nAq6DgpaT-kMn8YU7D4AB&quot;, &quot;impressionLogUri&quot;:&quot;https://mercury.coupang.com/e.gif?t=101&amp;r=cf-h9F3cCDYXNvjOcdlViDmcCKc2IW6wNHtudmGiSYi2vXRBi-GnwEKLvuz-mEo1j3bhUlX24337NSkdfRlfMCGNKEWCVCNmz2lmkhZMv_Xf6wX3qi-NPet4o2IByb4lxqfHMsO5ZMXraDQoW7julJI3XzHii27BY7Y7P9M0UuLVd864JNfAyfPsZ0j9PHmaC1irCpzFTroOhHdq5cWsXcBHN3usmvVZUdrwlVr64H77RZCM9-QU8VutSmJT4IJeBIovy69lA0AVh-ZgI5tNcIEQfpzf3xqa1vsBboLa0pSPaa5XnLBuQMK0qirhpjxNOH3aehH0SQ0%3D&quot;, &quot;viewImpression&quot;: &quot;https://mercury.coupang.com/e.gif?t=102&amp;r=JF0B-T4I2YfxXGV8JMMBnt2R0zIpXfIJ6FV9-VAkQjzcyeFL4RgSKHHSQrvGHGIdot67rneoG1zY4xnbq_njKrQFhnjoaBJXSEdwnjfwak0C3StRVkSM4KeqUXMbpQaPK4zZhZ95avG2WN2tYnjqkpQSN7WooDME-WgB5U9GHZHRSKq7rHylvBesgXQvFSjWxDZqrTgmj-Lcw5agwKt7JzXwidjfnMT89Y-vNStNDJi1WbQI277HMYbsLWA9ysMhKc1c0OhsMF32Xiuq67or1SodsHC_hxtymQJnojTjcTJpmbNjICZg-oYj2GKson5CJoI%3D&quot; }" target="_blank" href="/vp/products/9021791761?vendorItemId=93428657307&amp;sourceType=sdp_bottom_promotion&amp;searchId=feed-b726b1da878744758573d07aa1c1d45c-3.3.107:gw_promotion" class="impression-logged"><div class="promotion-item-image"><img alt="[BA]조업! 제철 맞은 서해안 숫 꽃게 새벽에 작업후 발송 (활꽃게/냉동꽃게), 1박스, 냉동꽃게 3kg" loading="lazy" src="//thumbnail6.coupangcdn.com/thumbnails/remote/292x292q65ex/image/vendor_inventory/a477/b3a8742cbfd04e0f9685b6ce43ef61c25dd6b595f9eec78c7c2c48e01055.jpg"></div><div class="promotion-badge">특가진행중</div><div class="promotion-item-info-wrap"><div class="item-title">[BA]조업! 제철 맞은 서해안 숫 꽃게 새벽에 작업후 발송 (활꽃게/냉동꽃게), 1박스, 냉동꽃게 3kg</div><div class="discount-contain"><span class="discount-text">와우할인가</span><span class="discount-rate">22%</span><span class="origin-price">34,900</span></div><div class="promotion-item-price-contain"><span class="sales-price">26,910원</span></div><div class="unit-price">(100g 897원)</div><div class="pdd-text">모레(금) 도착 예정</div><div class="delivery-text">무료배송</div><div class="promotion-item-review"><span class="split-bg item-review-score-bg"><span class="item-review-score split-bg" style="width: 60%;">60%</span></span><span class="promotion-item-review-count">(18)</span></div><div class="stock_percent_contain"><div class="progress_contain"><div class="progress_position" style="width: 98%;"></div></div><div class="progress_text">98 % 남음</div></div></div></a></li><li class="promotion-carousel-item"><a data-vendor-item-id="90461696088" data-vendor-id="A00116459" data-product-id="8189969488" data-item-id="23434774772" data-tracking-tag="" data-impression-log-uri="https://mercury.coupang.com/e.gif?t=101&amp;r=l0wy6sUrLaNX9TFZl20jrFQMXOp3jcd6v_aMQppnNfN0nXi_TYgyoGZKV5ugJXnx-m_tLVdVl0YjkG5xVVYNIWaPMPz8jY7FfQpuOiovWvE-HvKUoP07GtVFS3O_0eNhz4U5ByOi6UtnoJPvsA8rMfK2TbuYcOzyBCZh80hqjQNDbf0Kx-_JEMC8fxkvxihN9HKIsdqxV4LZOlIGGZKviqxBJRBaVIMIhqmUl-TBPgbSauEErhlRcBNmtMZqzlnBQMzp_ZdOCVYbAi_8QtKO6Aq6Y0GKe7-r4Ja9AECJYQ87jaxhlTgfiGm3YzIDAYLFPjGr2OuuoD4%3D" data-click-log-uri="https://mercury.coupang.com/e.gif?t=100&amp;r=hPFQxt7Dk8h_N6iChMMdGoYc1Vj56rieWaei4239s59Xgebg16doA2P_-w25l3Gg3Ncz46UUQaqfXUv6lssZel8pggr4n5gJbg5bRx7jPdsqUJKaHQ1OkoyuHrDHG__zEAoEWudMKoen7ZLyOxLX3G8yJRaingKIhe4Ga0kQwPJo5D0dBNIQYMXBEW1nwElEnal1KEfk_rAqljXsdO8hjijd-CoTtLGEuzJ5QRz6leJPCEq3A2U9tmGhmJqqM3Tsw7CsEmZL1yQLI3v8r0iTuv1lpuOhCbAzlRYdTbz70xA0p_YCVOwBrc6jqKU_pBLBvp6o" data-click-logging="{&quot;targetProductId&quot;:8189969488,&quot;targetVendorItemId&quot;:90461696088,&quot;targetItemId&quot;:23434774772,&quot;pageName&quot;:&quot;recommendation&quot;,&quot;domain&quot;:&quot;sdp&quot;,&quot;eventName&quot;:&quot;sdp_bottom_promotion&quot;}" data-adsplatform="{&quot;clickLogUri&quot;:&quot;https://mercury.coupang.com/e.gif?t=100&amp;r=hPFQxt7Dk8h_N6iChMMdGoYc1Vj56rieWaei4239s59Xgebg16doA2P_-w25l3Gg3Ncz46UUQaqfXUv6lssZel8pggr4n5gJbg5bRx7jPdsqUJKaHQ1OkoyuHrDHG__zEAoEWudMKoen7ZLyOxLX3G8yJRaingKIhe4Ga0kQwPJo5D0dBNIQYMXBEW1nwElEnal1KEfk_rAqljXsdO8hjijd-CoTtLGEuzJ5QRz6leJPCEq3A2U9tmGhmJqqM3Tsw7CsEmZL1yQLI3v8r0iTuv1lpuOhCbAzlRYdTbz70xA0p_YCVOwBrc6jqKU_pBLBvp6o&quot;, &quot;impressionLogUri&quot;:&quot;https://mercury.coupang.com/e.gif?t=101&amp;r=l0wy6sUrLaNX9TFZl20jrFQMXOp3jcd6v_aMQppnNfN0nXi_TYgyoGZKV5ugJXnx-m_tLVdVl0YjkG5xVVYNIWaPMPz8jY7FfQpuOiovWvE-HvKUoP07GtVFS3O_0eNhz4U5ByOi6UtnoJPvsA8rMfK2TbuYcOzyBCZh80hqjQNDbf0Kx-_JEMC8fxkvxihN9HKIsdqxV4LZOlIGGZKviqxBJRBaVIMIhqmUl-TBPgbSauEErhlRcBNmtMZqzlnBQMzp_ZdOCVYbAi_8QtKO6Aq6Y0GKe7-r4Ja9AECJYQ87jaxhlTgfiGm3YzIDAYLFPjGr2OuuoD4%3D&quot;, &quot;viewImpression&quot;: &quot;https://mercury.coupang.com/e.gif?t=102&amp;r=wr5y-vfwKbKV2aRTwhTrjikQ7e4ikQXvA7bBn9EzgVrQYDotLB8lCWsJ9OiUyXCUSz-HMINEdwtyp8L2-nw9z23AUzGoVVdeauaDTn54DC7SzHDLmcgjju4gpTrMFakWftgcZKt9Tjlrl0Sn26fEX1Lhwq2cfO_1mikoPnOCLYxfW7kN01Y5ChDpIv7PqlADMsFx2fvIpeJO8L81NV8o-UsMC62YHJFGt6z3Y7KMb96PV6W17DYM4cj02AydcU3iLhllsH2ym4GImcE7V935auCKkOfK372eE2rEVBYqfaW_Blez8pkplgYahJh7ymA1G8M%3D&quot; }" target="_blank" href="/vp/products/8189969488?vendorItemId=90461696088&amp;sourceType=sdp_bottom_promotion&amp;searchId=feed-b726b1da878744758573d07aa1c1d45c-3.3.107:gw_promotion" class="impression-logged"><div class="promotion-item-image"><img alt="홍새우살 1kg 적새우살 손질 깐새우 새우살 볶음밥 육수용, 100/200(중) 1kg, 1개" loading="lazy" src="//thumbnail5.coupangcdn.com/thumbnails/remote/292x292q65ex/image/vendor_inventory/579a/b5a3e207f7d242072ca8f33356d5660da67a8f2c62beec28cd942cbdf520.png"></div><div class="promotion-badge">특가진행중</div><div class="promotion-item-info-wrap"><div class="item-title">홍새우살 1kg 적새우살 손질 깐새우 새우살 볶음밥 육수용, 100/200(중) 1kg, 1개</div><div class="promotion-item-price-contain"><span class="sales-price">14,900원</span></div><div class="unit-price">(100g 1,490원)</div><div class="pdd-text">모레(금) 도착 예정</div><div class="delivery-text">무료배송</div><div class="promotion-item-review"><span class="split-bg item-review-score-bg"><span class="item-review-score split-bg" style="width: 80%;">80%</span></span><span class="promotion-item-review-count">(131)</span></div><div class="stock_percent_contain"><div class="progress_contain"><div class="progress_position" style="width: 1%;"></div></div><div class="progress_text">1 % 남음</div></div></div></a></li><li class="promotion-carousel-item"><a data-vendor-item-id="4943442439" data-vendor-id="A00167438" data-product-id="242330134" data-item-id="769680772" data-tracking-tag="" data-impression-log-uri="https://mercury.coupang.com/e.gif?t=101&amp;r=PD_msvQN7bSD7Fo1PFW2zB9KWuMxNk8MFS_nLW5EdqcgKz02cwpsJROYCp0nAHyT1T6dN2vdgsHaX64nKMJOTXxtDtm7kuolv-Q7iGjTnMGXwZe0aNtat3yZhB6ycwMYLRUAPy8e4L-ygQfpdRi9jL1Sx4DiONxBbJb7qcT6xF1_w0teEb0Mz0CzHrzEw_D26kKH2CN8mE4EIKnKWparlIHHmDMJYuSz0TZnadmTgOEh1XdCMjfyGb23UfZIdwHJTPq-Z_xzyIHZHSVsUaYrx0L-hhKpJiEQYrN59dKRrrklMOyr9i0UiK0QIUNdQlZ2BqHuZAnG" data-click-log-uri="https://mercury.coupang.com/e.gif?t=100&amp;r=rGs5ct7EJQTCi59JrBwhEq_qbtiQb6TwFj4GgocKwe9gZ0aiSb20SsgS82NuMctPpNoBYS_or-VARNgc_y83yhCzKyAxP3HxGgCfHtJOnzEUwpDf_hzKtq178rmkunmYYXInMLPzRynUjSXsIg_vIVqTchl_H6uOFjYv5UIyxDGqyhshT-v2GGlagzcSCCVn-YdHTmX892DhiFvK9iL8RxvH4jAh3dSA7oR1Z_6aYz3-9XIstD876WaEHU6eSCiEESVM-w7UIWAhvZIFOLg1jYEzrkgpCKGQ7pgynBjLZUxmmbLoppvP-Y8E_lrQDBilKw%3D%3D" data-click-logging="{&quot;targetProductId&quot;:242330134,&quot;targetVendorItemId&quot;:4943442439,&quot;targetItemId&quot;:769680772,&quot;pageName&quot;:&quot;recommendation&quot;,&quot;domain&quot;:&quot;sdp&quot;,&quot;eventName&quot;:&quot;sdp_bottom_promotion&quot;}" data-adsplatform="{&quot;clickLogUri&quot;:&quot;https://mercury.coupang.com/e.gif?t=100&amp;r=rGs5ct7EJQTCi59JrBwhEq_qbtiQb6TwFj4GgocKwe9gZ0aiSb20SsgS82NuMctPpNoBYS_or-VARNgc_y83yhCzKyAxP3HxGgCfHtJOnzEUwpDf_hzKtq178rmkunmYYXInMLPzRynUjSXsIg_vIVqTchl_H6uOFjYv5UIyxDGqyhshT-v2GGlagzcSCCVn-YdHTmX892DhiFvK9iL8RxvH4jAh3dSA7oR1Z_6aYz3-9XIstD876WaEHU6eSCiEESVM-w7UIWAhvZIFOLg1jYEzrkgpCKGQ7pgynBjLZUxmmbLoppvP-Y8E_lrQDBilKw%3D%3D&quot;, &quot;impressionLogUri&quot;:&quot;https://mercury.coupang.com/e.gif?t=101&amp;r=PD_msvQN7bSD7Fo1PFW2zB9KWuMxNk8MFS_nLW5EdqcgKz02cwpsJROYCp0nAHyT1T6dN2vdgsHaX64nKMJOTXxtDtm7kuolv-Q7iGjTnMGXwZe0aNtat3yZhB6ycwMYLRUAPy8e4L-ygQfpdRi9jL1Sx4DiONxBbJb7qcT6xF1_w0teEb0Mz0CzHrzEw_D26kKH2CN8mE4EIKnKWparlIHHmDMJYuSz0TZnadmTgOEh1XdCMjfyGb23UfZIdwHJTPq-Z_xzyIHZHSVsUaYrx0L-hhKpJiEQYrN59dKRrrklMOyr9i0UiK0QIUNdQlZ2BqHuZAnG&quot;, &quot;viewImpression&quot;: &quot;https://mercury.coupang.com/e.gif?t=102&amp;r=bwY1RlmezGpUDO4fb99N1TjZaSx7Ox2FPrvV1i7-I4PPPlAwbK2cs2_Mewr14TJLpycYN94GzRYUzNz7x0CxsAqr5LY8kHyAC0Gh6V59cKlGBcHEgc9Gw3CNdPgLnWZLmpl-T9oGUvyFnOCIqJ8_OmuQ18ghxLTQ_eTlOuGRwEuphdv3cHvUYdBWMMz65UGPLa8EtRM7sfbtR4pZnsMnzz1RdPfpgGd2MW2985DrvO3WfgadD_k27HbXfkMIKgdPS8LfTgyJoYeMvDHZB3rwvq3TW7HByp-IzM66Y8BcrB8h7_oCLtPIpE0l6KWFbpo4&quot; }" target="_blank" href="/vp/products/242330134?vendorItemId=4943442439&amp;sourceType=sdp_bottom_promotion&amp;searchId=feed-b726b1da878744758573d07aa1c1d45c-3.3.107:gw_promotion" class="impression-logged"><div class="promotion-item-image"><img alt="완도맘 건꼴뚜기300g 반찬조림용 쫄깃하고 고소한맛, 300g, 1개" loading="lazy" src="//thumbnail8.coupangcdn.com/thumbnails/remote/292x292q65ex/image/vendor_inventory/669c/cb45a0d94f7efac2426033308861bed66ab79d2b3deb423f6c2ba34f22f5.jpg"></div><div class="promotion-badge">특가진행중</div><div class="promotion-item-info-wrap"><div class="item-title">완도맘 건꼴뚜기300g 반찬조림용 쫄깃하고 고소한맛, 300g, 1개</div><div class="discount-contain"><span class="discount-text">와우할인가</span><span class="discount-rate">38%</span><span class="origin-price">18,900</span></div><div class="promotion-item-price-contain"><span class="sales-price">11,530원</span></div><div class="unit-price">(100g 3,843원)</div><div class="pdd-text">모레(금) 도착 예정</div><div class="delivery-text">무료배송</div><div class="promotion-item-review"><span class="split-bg item-review-score-bg"><span class="item-review-score split-bg" style="width: 80%;">80%</span></span><span class="promotion-item-review-count">(2,326)</span></div><div class="stock_percent_contain"><div class="progress_contain"><div class="progress_position" style="width: 1%;"></div></div><div class="progress_text">1 % 남음</div></div></div></a></li><li class="promotion-carousel-item"><a data-vendor-item-id="93188614647" data-vendor-id="A00360580" data-product-id="8957500314" data-item-id="26209522720" data-tracking-tag="" data-impression-log-uri="https://mercury.coupang.com/e.gif?t=101&amp;r=oF5snaVpczgDqvTCoFYdeg0P71XPu1-hBoPuA5CDfHe5kwe0mCCQ-foGCy7xl91gPFseSPX-CsFy-3stJ94XiOoMaLyK5ESebgVZetuxz_ZcuBc4c1it_S4qyyISLao_ouQTAf1akT-RpXorJxxiFkg1FcXg2lTE4gcpk3nSVJbQh_2ygAm1EjH5cBIxpIwOfb80OZFdQxXBwD4siPoaWs2YIxQKTwZaExayH7brfCtxwrplaRVscUMXapt8LWMR3ZEtElgnxn0H47fcE0P8vEt_g9jFdPbMtoUeC6se_Eow7frLlNzWp04gbmNtx0I0vTop9LjIXQA%3D" data-click-log-uri="https://mercury.coupang.com/e.gif?t=100&amp;r=NwKJflktIYt9Xh5dN8kHcp4DnT5-oWtytCP15ppNObUw-AsKC--7KaCSqCIhNHaeSebv5Kjh-eKhrbaMZUc6CM312gCL9oBiNAPbE7ZTMj7O9p9t_6yJnw9Fo-ZMyMZ28kUqflJcPv-PejGgMLzmRn2SNa7ZXJOo_c9gkExVBWvRhe3yODwYtZg5LuKnk1G5DxCF-DFTVXaNqK4fHTvhgy6eZlb1j14y8odBo3twujkrLePCA81fQC0P676Kvqoz5w9oa91FYbVkcRK0RIZ_gpPt-iA2RLpmtPPQFvhaHqZj-PW0SY6mKb4tGT5rlADIpCBX" data-click-logging="{&quot;targetProductId&quot;:8957500314,&quot;targetVendorItemId&quot;:93188614647,&quot;targetItemId&quot;:26209522720,&quot;pageName&quot;:&quot;recommendation&quot;,&quot;domain&quot;:&quot;sdp&quot;,&quot;eventName&quot;:&quot;sdp_bottom_promotion&quot;}" data-adsplatform="{&quot;clickLogUri&quot;:&quot;https://mercury.coupang.com/e.gif?t=100&amp;r=NwKJflktIYt9Xh5dN8kHcp4DnT5-oWtytCP15ppNObUw-AsKC--7KaCSqCIhNHaeSebv5Kjh-eKhrbaMZUc6CM312gCL9oBiNAPbE7ZTMj7O9p9t_6yJnw9Fo-ZMyMZ28kUqflJcPv-PejGgMLzmRn2SNa7ZXJOo_c9gkExVBWvRhe3yODwYtZg5LuKnk1G5DxCF-DFTVXaNqK4fHTvhgy6eZlb1j14y8odBo3twujkrLePCA81fQC0P676Kvqoz5w9oa91FYbVkcRK0RIZ_gpPt-iA2RLpmtPPQFvhaHqZj-PW0SY6mKb4tGT5rlADIpCBX&quot;, &quot;impressionLogUri&quot;:&quot;https://mercury.coupang.com/e.gif?t=101&amp;r=oF5snaVpczgDqvTCoFYdeg0P71XPu1-hBoPuA5CDfHe5kwe0mCCQ-foGCy7xl91gPFseSPX-CsFy-3stJ94XiOoMaLyK5ESebgVZetuxz_ZcuBc4c1it_S4qyyISLao_ouQTAf1akT-RpXorJxxiFkg1FcXg2lTE4gcpk3nSVJbQh_2ygAm1EjH5cBIxpIwOfb80OZFdQxXBwD4siPoaWs2YIxQKTwZaExayH7brfCtxwrplaRVscUMXapt8LWMR3ZEtElgnxn0H47fcE0P8vEt_g9jFdPbMtoUeC6se_Eow7frLlNzWp04gbmNtx0I0vTop9LjIXQA%3D&quot;, &quot;viewImpression&quot;: &quot;https://mercury.coupang.com/e.gif?t=102&amp;r=iQkGwwsNwm7iNiZjiZQw8yPcprVV7zurcST33JzJ5JNncmGUvlO2CvGz9i-5voZ-Bggssylz6OsSoVJAEVvxd0Wn3OMOk91JLktBqA8A_44mqw39nyTMhDgUFy9toTfqxFHMPOi82G1Yil5mlwu7fxVb3M5P3-9A6iQr0iTr8aylFkaHHGWLq1Rgxknqnq63muUEk7683HO2NoeAAadI1rhegSqsAf3KkUyV8rPQ9T3q2EJ4PcHVeLID7xYFWP08rvs3ppVp7LATOFAZ6M5LPg-PDZyRMjx1Y0Y7WbHXGuRBkLtsKJeKIPOev6x7MHrOpFA%3D&quot; }" target="_blank" href="/vp/products/8957500314?vendorItemId=93188614647&amp;sourceType=sdp_bottom_promotion&amp;searchId=feed-b726b1da878744758573d07aa1c1d45c-3.3.107:gw_promotion" class="impression-logged"><div class="promotion-item-image"><img alt="국내 제철 자연산 전어 1kg 급냉 구이용, 1개, 1kg 10~15미내외" loading="lazy" src="//thumbnail8.coupangcdn.com/thumbnails/remote/292x292q65ex/image/vendor_inventory/158c/40d670eed7b78a2f50e6d99da4cebc0d72e84a9735baf8088b38b004ccad.jpg"></div><div class="promotion-badge">특가진행중</div><div class="promotion-item-info-wrap"><div class="item-title">국내 제철 자연산 전어 1kg 급냉 구이용, 1개, 1kg 10~15미내외</div><div class="discount-contain"><span class="discount-text">와우할인가</span><span class="discount-rate">61%</span><span class="origin-price">19,900</span></div><div class="promotion-item-price-contain"><span class="sales-price">7,760원</span></div><div class="unit-price">(100g 776원)</div><div class="pdd-text">9/13(토) 도착 예정</div><div class="delivery-text">무료배송</div><div class="promotion-item-review"><span class="split-bg item-review-score-bg"><span class="item-review-score split-bg" style="width: 80%;">80%</span></span><span class="promotion-item-review-count">(9)</span></div><div class="stock_percent_contain"><div class="progress_contain"><div class="progress_position" style="width: 86%;"></div></div><div class="progress_text">86 % 남음</div></div></div></a></li><li class="promotion-carousel-item"><a data-vendor-item-id="90131443759" data-vendor-id="A01140867" data-product-id="8633356641" data-item-id="25048105367" data-tracking-tag="" data-impression-log-uri="https://mercury.coupang.com/e.gif?t=101&amp;r=1wcHxsTfDa7TxD1H10FGbN1f1NxCBWzbgiDtdhrTYPD--2Nt6bD6yfEGkNk_QS8OgSVyIDzzsAWZZTPR2QHa1ihle7T8MYhe1UwPKXTQb2-nQ8hLc0T2zsZ6IymLpKYWqB53ICSNm4K-spWIeaU2tmlDPyJA1HeZ5ILAJCEJDfIy0HxS7T3KbXTZposmMx1tJvXS-kZeHqWh59ZxZ1RnEhEo2hAdlj54enb9jVKhHiYJt9WulYiVDD2T-AN3n5BaR28jDqZVgApfE_YhnB0uufj8VveFy5_6RFPKXaAcuzI_ZX5hy1JMTHDbA3T6lrj0AZ6SQWH9Bcw%3D" data-click-log-uri="https://mercury.coupang.com/e.gif?t=100&amp;r=DOgnETmF62mCkKp5DKjTGfngm-0HUSkn5y73l-Tuux8CKRhLkgUaDjsWnW_uK7s3-Gj8RrIHDhU0GSQehdJaQrJI5mBlNiLDpPNPs0JbiVjG0xOG_13bTV9600spqna8lZxrDUE7IzuFGkhqjNvAQnpt572LcLvtfOoIebRSmO1X8CXs2XlERFXho6g26A6McQ1-0TXT2Ds_Jx6vFLbV0mISRjRCwtjvqulUJoVfHCR5WrcqTFXu4v8yDUD-DqhNvXGf4y8BFJvnQ30NE_cR7dwF67pA6GLniLm6HgV0VnO0QMCHd8EHBN0uq1UNy9-HB0_6" data-click-logging="{&quot;targetProductId&quot;:8633356641,&quot;targetVendorItemId&quot;:90131443759,&quot;targetItemId&quot;:25048105367,&quot;pageName&quot;:&quot;recommendation&quot;,&quot;domain&quot;:&quot;sdp&quot;,&quot;eventName&quot;:&quot;sdp_bottom_promotion&quot;}" data-adsplatform="{&quot;clickLogUri&quot;:&quot;https://mercury.coupang.com/e.gif?t=100&amp;r=DOgnETmF62mCkKp5DKjTGfngm-0HUSkn5y73l-Tuux8CKRhLkgUaDjsWnW_uK7s3-Gj8RrIHDhU0GSQehdJaQrJI5mBlNiLDpPNPs0JbiVjG0xOG_13bTV9600spqna8lZxrDUE7IzuFGkhqjNvAQnpt572LcLvtfOoIebRSmO1X8CXs2XlERFXho6g26A6McQ1-0TXT2Ds_Jx6vFLbV0mISRjRCwtjvqulUJoVfHCR5WrcqTFXu4v8yDUD-DqhNvXGf4y8BFJvnQ30NE_cR7dwF67pA6GLniLm6HgV0VnO0QMCHd8EHBN0uq1UNy9-HB0_6&quot;, &quot;impressionLogUri&quot;:&quot;https://mercury.coupang.com/e.gif?t=101&amp;r=1wcHxsTfDa7TxD1H10FGbN1f1NxCBWzbgiDtdhrTYPD--2Nt6bD6yfEGkNk_QS8OgSVyIDzzsAWZZTPR2QHa1ihle7T8MYhe1UwPKXTQb2-nQ8hLc0T2zsZ6IymLpKYWqB53ICSNm4K-spWIeaU2tmlDPyJA1HeZ5ILAJCEJDfIy0HxS7T3KbXTZposmMx1tJvXS-kZeHqWh59ZxZ1RnEhEo2hAdlj54enb9jVKhHiYJt9WulYiVDD2T-AN3n5BaR28jDqZVgApfE_YhnB0uufj8VveFy5_6RFPKXaAcuzI_ZX5hy1JMTHDbA3T6lrj0AZ6SQWH9Bcw%3D&quot;, &quot;viewImpression&quot;: &quot;https://mercury.coupang.com/e.gif?t=102&amp;r=VH6x_z3IIPavmYYOVHS2WMQAd2mrm0x2fvbn_iYa_wjb0L9IxHX6D3Uqhmu5NmPzOMIRQOP3IM9dR-xO_-4OyfRkGvv1C39tQICMZDRboJZ2pzpK0OMAR5SWlIUUPGQmZYctRG5lS1h7gsyD5V_pjK0B26Y8zMiRJhGTqXyKcg8d7VjCzB4YSsuBvT2BZFvAQAzU1u_DWCcLG1vp12pmtDsgNxeKThl43XmcucooQkXtDxsDdk7TrIj9Ann9fMxs4xvj-KjFGFrStD33tor2Cqo1rlnhNoO9psYB-NVh4YSuOQaDOXNHxlPnKHVUk5uwyRM%3D&quot; }" target="_blank" href="/vp/products/8633356641?vendorItemId=90131443759&amp;sourceType=sdp_bottom_promotion&amp;searchId=feed-b726b1da878744758573d07aa1c1d45c-3.3.107:gw_promotion" class="impression-logged"><div class="promotion-item-image"><img alt="바른바다 신진도 자연산 대하 특대 1kg(17~20미), 1개, 1kg" loading="lazy" src="//thumbnail7.coupangcdn.com/thumbnails/remote/292x292q65ex/image/vendor_inventory/7b47/12e23dc5c1002c5c343b1aa2a3cf6a954758cc27ba937e2b4097525b5f49.png"></div><div class="promotion-badge">특가진행중</div><div class="promotion-item-info-wrap"><div class="item-title">바른바다 신진도 자연산 대하 특대 1kg(17~20미), 1개, 1kg</div><div class="discount-contain"><span class="discount-text">와우할인가</span><span class="discount-rate">16%</span><span class="origin-price">40,000</span></div><div class="promotion-item-price-contain"><span class="sales-price">33,500원</span></div><div class="unit-price">(100g 3,350원)</div><div class="pdd-text">모레(금) 도착 예정</div><div class="delivery-text">무료배송</div><div class="promotion-item-review"><span class="split-bg item-review-score-bg"><span class="item-review-score split-bg" style="width: 90%;">90%</span></span><span class="promotion-item-review-count">(23)</span></div><div class="stock_percent_contain"><div class="progress_contain"><div class="progress_position" style="width: 1%;"></div></div><div class="progress_text">1 % 남음</div></div></div></a></li><li class="promotion-carousel-item"><a data-vendor-item-id="3964986633" data-vendor-id="A00175537" data-product-id="6313660935" data-item-id="13118778055" data-tracking-tag="" data-impression-log-uri="https://mercury.coupang.com/e.gif?t=101&amp;r=KQ_hOfeZQavp7W_TKWE7ShhVFK65iSekuO8HZ7TB8FqSbs98sa34SmKviSEL-QqCTUi-3CMSkfLl_3L9fcR9s9cNvMAsP7vCpZSG5Fs9mp5ZCZpZkpf-XUHrxANt30jvf39cR11AhyqIUxCA2a3Z_zFUHpFITlnlJwc5O5mxn0JX_XmYlv2di-eQnwPRSHfWs-SgFHj4qDMVDTSRTjoxUVKbh8IkyBcLFSWpj73Ulrz0xMJNt7UaByCmSJ-KUctbQC2gKKWCLOXUoJkj7kdm0Tmz-OYXuThZ09UBcgsSfS3pl0ERpdE81V_rdrXT3_CAVSYcuM7nOQ%3D%3D" data-click-log-uri="https://mercury.coupang.com/e.gif?t=100&amp;r=Vrg1Mh-sRNQkrfGvVrj566T95STFd7Stbsme48xs6-D4yzYaprlbsROGVotWqyob-ws5Zi8jhkQ2faejr6kDYNGJB6JWI_sh3lp63RQpjOAUxu9ZcmclgWrtfeBwOxEt3lwTAQLTDeGNAS0IxlNaqeXNfPUDSono-j4u5w5HKhUORxGcTM220uqCLBnPg_Hs4-zyimkl_d67snph61WKLi-EMBrJWXwpUIKZWzkh68S67rx7VGofQ9dT5nTa-og97tMFkMT3yiMveQJvHSPjJLnjM4mIf-rRKBmHlO3gkp_wX-hNOrSWT3DfkYcgnQCVJ8E%3D" data-click-logging="{&quot;targetProductId&quot;:6313660935,&quot;targetVendorItemId&quot;:3964986633,&quot;targetItemId&quot;:13118778055,&quot;pageName&quot;:&quot;recommendation&quot;,&quot;domain&quot;:&quot;sdp&quot;,&quot;eventName&quot;:&quot;sdp_bottom_promotion&quot;}" data-adsplatform="{&quot;clickLogUri&quot;:&quot;https://mercury.coupang.com/e.gif?t=100&amp;r=Vrg1Mh-sRNQkrfGvVrj566T95STFd7Stbsme48xs6-D4yzYaprlbsROGVotWqyob-ws5Zi8jhkQ2faejr6kDYNGJB6JWI_sh3lp63RQpjOAUxu9ZcmclgWrtfeBwOxEt3lwTAQLTDeGNAS0IxlNaqeXNfPUDSono-j4u5w5HKhUORxGcTM220uqCLBnPg_Hs4-zyimkl_d67snph61WKLi-EMBrJWXwpUIKZWzkh68S67rx7VGofQ9dT5nTa-og97tMFkMT3yiMveQJvHSPjJLnjM4mIf-rRKBmHlO3gkp_wX-hNOrSWT3DfkYcgnQCVJ8E%3D&quot;, &quot;impressionLogUri&quot;:&quot;https://mercury.coupang.com/e.gif?t=101&amp;r=KQ_hOfeZQavp7W_TKWE7ShhVFK65iSekuO8HZ7TB8FqSbs98sa34SmKviSEL-QqCTUi-3CMSkfLl_3L9fcR9s9cNvMAsP7vCpZSG5Fs9mp5ZCZpZkpf-XUHrxANt30jvf39cR11AhyqIUxCA2a3Z_zFUHpFITlnlJwc5O5mxn0JX_XmYlv2di-eQnwPRSHfWs-SgFHj4qDMVDTSRTjoxUVKbh8IkyBcLFSWpj73Ulrz0xMJNt7UaByCmSJ-KUctbQC2gKKWCLOXUoJkj7kdm0Tmz-OYXuThZ09UBcgsSfS3pl0ERpdE81V_rdrXT3_CAVSYcuM7nOQ%3D%3D&quot;, &quot;viewImpression&quot;: &quot;https://mercury.coupang.com/e.gif?t=102&amp;r=RZrQ0C_D8TT1I5VqRX2qvyORFJ79x9heBTfh_wAY42hoLHHFAxN2sImTiKrjhAI_NlnUqsD3O9lQL5TDeRrvhuQHLVYLNK5wOXRxOtUHLJEhLMjegmNFmIq1QjW049Kd-Pm8sCMfCDxEO4Sb3Rwth-npLjgBDpuoosnDazlO_ypH4d4sP4cKbVGysODW5SeFy3T_nHsoCRoruXp63XOBlqkXG775Pjz4iTHBCP38EVTCsF6lzBL29iHbcUeqn_7UXcF3wJwzioBsCJ1lPmuK74LGVHYsc_oi5Vu1oE4YPtRWXZybElNwwlk22RRWPVmoIg%3D%3D&quot; }" target="_blank" href="/vp/products/6313660935?vendorItemId=3964986633&amp;sourceType=sdp_bottom_promotion&amp;searchId=feed-b726b1da878744758573d07aa1c1d45c-3.3.107:gw_promotion" class="impression-logged"><div class="promotion-item-image"><img alt="장수왕 건오징어 몸통 (7-10마리 내외), 250g (7~10마리 내외), 1개" loading="lazy" src="//thumbnail1.coupangcdn.com/thumbnails/remote/292x292q65ex/image/vendor_inventory/image_audit/prod/d94e2d0d-61a1-4dbd-a141-583ec341807c_fixing_v2.png"></div><div class="promotion-badge">특가진행중</div><div class="promotion-item-info-wrap"><div class="item-title">장수왕 건오징어 몸통 (7-10마리 내외), 250g (7~10마리 내외), 1개</div><div class="discount-contain"><span class="discount-text">와우할인가</span><span class="discount-rate">7%</span><span class="origin-price">16,500</span></div><div class="promotion-item-price-contain"><span class="sales-price">15,210원</span></div><div class="unit-price">(100g 6,084원)</div><div class="pdd-text">모레(금) 도착 예정</div><div class="delivery-text">무료배송</div><div class="promotion-item-review"><span class="split-bg item-review-score-bg"><span class="item-review-score split-bg" style="width: 80%;">80%</span></span><span class="promotion-item-review-count">(2,042)</span></div><div class="stock_percent_contain"><div class="progress_contain"><div class="progress_position" style="width: 1%;"></div></div><div class="progress_text">1 % 남음</div></div></div></a></li><li class="promotion-carousel-item"><a data-vendor-item-id="80983953209" data-vendor-id="A00001597" data-product-id="6408414409" data-item-id="13733019621" data-tracking-tag="" data-impression-log-uri="https://mercury.coupang.com/e.gif?t=101&amp;r=gb3ako7YVIW2mDERgdh20wqhP6vDL6lqYXpC88740AfM06Kec3pvopuk-8oWJwDYqLDow8qhaUn8R76y-tP6Hp30MrUph2M0YZslwkRYCGTBSIxGUqJxwIZ-VTCrFjUCaGthOdZNEfxwo4qdcMGfX0xUgc9kAqTc-HGsgBqWy6Txo_UdQ7rVZ5anxaF6jP1LKYIlJnkX1Nx7pbBxwbL6mwBKIsvwg--_ujOQeRm-BCq9puov77wghwsLhogvLubtD6Jx0cSLKL3f9jUHaEf_BZWfz-3m1BwhfHZUs9iaKSzV1E66ZkiwSXopXqW2g4O3GNU6lTKTRLY%3D" data-click-log-uri="https://mercury.coupang.com/e.gif?t=100&amp;r=NCoBt8PWm7UC8v_wNDeCA8XmH0eqFyAatOpN6VWs0gii9d4ySaoIuxDXZcWG_q-SniMaTvtPK_4JmlVNF4oaSZHFB5ZTNNKRsWBC8ZRVjY8NB6i4-T8EfMhP2Zm5hwKZ81r0R1EMW_qomCjWrTxPnsEFEHqFgR4YZiRoibBhSWB5smz6Eix4TCbP57NAAoQJOxSRLS11TUA3ms9zzvqIkIX4HdRlqw9QDueGtVLClQOZe4WGMZ2ZiJvWOywZquqyo93L01r-LCQeF20S4kaKp4qrVNi0UrJ-7UpXQp2CfFXltDCMHwFop4Jm9USbLBDd49qL" data-click-logging="{&quot;targetProductId&quot;:6408414409,&quot;targetVendorItemId&quot;:80983953209,&quot;targetItemId&quot;:13733019621,&quot;pageName&quot;:&quot;recommendation&quot;,&quot;domain&quot;:&quot;sdp&quot;,&quot;eventName&quot;:&quot;sdp_bottom_promotion&quot;}" data-adsplatform="{&quot;clickLogUri&quot;:&quot;https://mercury.coupang.com/e.gif?t=100&amp;r=NCoBt8PWm7UC8v_wNDeCA8XmH0eqFyAatOpN6VWs0gii9d4ySaoIuxDXZcWG_q-SniMaTvtPK_4JmlVNF4oaSZHFB5ZTNNKRsWBC8ZRVjY8NB6i4-T8EfMhP2Zm5hwKZ81r0R1EMW_qomCjWrTxPnsEFEHqFgR4YZiRoibBhSWB5smz6Eix4TCbP57NAAoQJOxSRLS11TUA3ms9zzvqIkIX4HdRlqw9QDueGtVLClQOZe4WGMZ2ZiJvWOywZquqyo93L01r-LCQeF20S4kaKp4qrVNi0UrJ-7UpXQp2CfFXltDCMHwFop4Jm9USbLBDd49qL&quot;, &quot;impressionLogUri&quot;:&quot;https://mercury.coupang.com/e.gif?t=101&amp;r=gb3ako7YVIW2mDERgdh20wqhP6vDL6lqYXpC88740AfM06Kec3pvopuk-8oWJwDYqLDow8qhaUn8R76y-tP6Hp30MrUph2M0YZslwkRYCGTBSIxGUqJxwIZ-VTCrFjUCaGthOdZNEfxwo4qdcMGfX0xUgc9kAqTc-HGsgBqWy6Txo_UdQ7rVZ5anxaF6jP1LKYIlJnkX1Nx7pbBxwbL6mwBKIsvwg--_ujOQeRm-BCq9puov77wghwsLhogvLubtD6Jx0cSLKL3f9jUHaEf_BZWfz-3m1BwhfHZUs9iaKSzV1E66ZkiwSXopXqW2g4O3GNU6lTKTRLY%3D&quot;, &quot;viewImpression&quot;: &quot;https://mercury.coupang.com/e.gif?t=102&amp;r=4xYShSsaJCSdFItk43qeKiGu9m3UqwTKQtZZ9MnNcuWVrOBw8UoY32RA7NNUtN2eLabLIpYccHbpXh4zP2WCFa4QGoCZG3y8EYu84WR-azXbNAaZaZIVwKuiUxfyvrauonFruhhZ4alc8q83dihNs_H1lfFjtCMGPQrYbSjTLMRB-5VHufTYPqHQS94niwzhjMXQRHxSrI4otSHgjMYy8RSsS-Iwc78E9Jd-xkiE_lxSJC-Y0BxmjtDEhnsQ9ujqKfXIBFhXClUkmbstV3ENby5E7cZWZCH8KWZTPeIPemoO7ODEKI3ziLMnRi7DFPgaNzQ%3D&quot; }" target="_blank" href="/vp/products/6408414409?vendorItemId=80983953209&amp;sourceType=sdp_bottom_promotion&amp;searchId=feed-b726b1da878744758573d07aa1c1d45c-3.3.107:gw_promotion" class="impression-logged"><div class="promotion-item-image"><img alt="미각기행 담백한 반건조 두절조기(kg당 30~40미 내외), 1kg (kg당 30미내외), 1개" loading="lazy" src="//thumbnail1.coupangcdn.com/thumbnails/remote/292x292q65ex/image/vendor_inventory/image_audit/advertiser/1754024630059/85f7231d-ed00-48a5-afa4-b86e96cc15fc.jpg"></div><div class="promotion-badge">특가진행중</div><div class="promotion-item-info-wrap"><div class="item-title">미각기행 담백한 반건조 두절조기(kg당 30~40미 내외), 1kg (kg당 30미내외), 1개</div><div class="discount-contain"><span class="discount-text">와우할인가</span><span class="discount-rate">48%</span><span class="origin-price">45,000</span></div><div class="promotion-item-price-contain"><span class="sales-price">23,070원</span></div><div class="unit-price">(100g 2,307원)</div><div class="pdd-text">9/13(토) 도착 예정</div><div class="delivery-text">무료배송</div><div class="promotion-item-review"><span class="split-bg item-review-score-bg"><span class="item-review-score split-bg" style="width: 80%;">80%</span></span><span class="promotion-item-review-count">(2,682)</span></div><div class="stock_percent_contain"><div class="progress_contain"><div class="progress_position" style="width: 96%;"></div></div><div class="progress_text">96 % 남음</div></div></div></a></li><li class="promotion-carousel-item"><a data-vendor-item-id="91380230517" data-vendor-id="A00221450" data-product-id="8422995348" data-item-id="24364936228" data-tracking-tag="" data-impression-log-uri="https://mercury.coupang.com/e.gif?t=101&amp;r=Sy_Lh9J9-jc3_ahFS73_mdXBqzRSy4uevHRFJ7pehWDz4oq7p1_35R_uX5H5I9PvIaRfUrfkc4uf43sLScrRr4tSVF9t_mzN6fGA0vnC7xfb9sN0NzQdqv8jL2BZ-UPrhYxQoB13CsdkdMKWglJgj7KS4xMtaMnIK0aYcyxhimMQ9Ctp_dTRdi0lq6ceWp2luGJKi5q8j7Ielu7llEvw1uHLOKq_AuwCKgT6eQJWPfQNowhWkCmUESAxHuA_wPVuJNJqEY5DXR0T16jDm2PMJeg-i4Hv9jw7oh8GrZ846sdSrx33KO3pcuCsMRwtTFgT9Y_9_8ceh2w%3D" data-click-log-uri="https://mercury.coupang.com/e.gif?t=100&amp;r=pzkv3Qni0IheajNEp7sLNxZ1vOU7a1P_sTQ79aWCcy7BpNLwFEqbpe6jsPdRWBNWh5h1LgBd-YV0AKk5Fgp-afDet2XKsu7E8wEUxcRpb_OQj9fATBeMIv6SagFgwnhxgc4VJucZ_W6ZH7r5QIX3ye2r6kTOssBZjqI0-orS43nYMpsHXdS64PGNrY5MRHNc31jX3PoiiqdcX0Ff0RgvhszzfRhI732nQ9P4FeBAslysIS4su5u3bcsg9P3UGZfqV2i0HaiJEW1jQZdFFPiB3X4Dto6RX01S1_VHI-fcsq96ruLF_m-TzvsBRfHKNZMW5ry0" data-click-logging="{&quot;targetProductId&quot;:8422995348,&quot;targetVendorItemId&quot;:91380230517,&quot;targetItemId&quot;:24364936228,&quot;pageName&quot;:&quot;recommendation&quot;,&quot;domain&quot;:&quot;sdp&quot;,&quot;eventName&quot;:&quot;sdp_bottom_promotion&quot;}" data-adsplatform="{&quot;clickLogUri&quot;:&quot;https://mercury.coupang.com/e.gif?t=100&amp;r=pzkv3Qni0IheajNEp7sLNxZ1vOU7a1P_sTQ79aWCcy7BpNLwFEqbpe6jsPdRWBNWh5h1LgBd-YV0AKk5Fgp-afDet2XKsu7E8wEUxcRpb_OQj9fATBeMIv6SagFgwnhxgc4VJucZ_W6ZH7r5QIX3ye2r6kTOssBZjqI0-orS43nYMpsHXdS64PGNrY5MRHNc31jX3PoiiqdcX0Ff0RgvhszzfRhI732nQ9P4FeBAslysIS4su5u3bcsg9P3UGZfqV2i0HaiJEW1jQZdFFPiB3X4Dto6RX01S1_VHI-fcsq96ruLF_m-TzvsBRfHKNZMW5ry0&quot;, &quot;impressionLogUri&quot;:&quot;https://mercury.coupang.com/e.gif?t=101&amp;r=Sy_Lh9J9-jc3_ahFS73_mdXBqzRSy4uevHRFJ7pehWDz4oq7p1_35R_uX5H5I9PvIaRfUrfkc4uf43sLScrRr4tSVF9t_mzN6fGA0vnC7xfb9sN0NzQdqv8jL2BZ-UPrhYxQoB13CsdkdMKWglJgj7KS4xMtaMnIK0aYcyxhimMQ9Ctp_dTRdi0lq6ceWp2luGJKi5q8j7Ielu7llEvw1uHLOKq_AuwCKgT6eQJWPfQNowhWkCmUESAxHuA_wPVuJNJqEY5DXR0T16jDm2PMJeg-i4Hv9jw7oh8GrZ846sdSrx33KO3pcuCsMRwtTFgT9Y_9_8ceh2w%3D&quot;, &quot;viewImpression&quot;: &quot;https://mercury.coupang.com/e.gif?t=102&amp;r=ROZubs6z150cCxsVRMMSvRj_47wPvejII6txlAdxbKoQx7fLxlQCnwi0nn2-XikOXLYxyFe4cD-s5-1rzVMDCa9luXBaXCrFO3HrgcRebhiCCL9TvY5A_AOYDRVlc54YUWzfKpcDCcjpLxwcGI7MCVEyUcdSV84QEq3jN370qXt0M6VqNiefwzwaskdr7jeAI6ZOXBlkr_KS9Hu5XUKqSmOy3Pn20LTjrXAedNOwtX7OTzVgNiwitHfk8N5UcqgFTZCUbQBhLMLY6yNLdl6GGWzmuQj5Wu0vp6TMMrFzpbOMMFoUfQg7X-zwcz9dY01iC_8%3D&quot; }" target="_blank" href="/vp/products/8422995348?vendorItemId=91380230517&amp;sourceType=sdp_bottom_promotion&amp;searchId=feed-b726b1da878744758573d07aa1c1d45c-3.3.107:gw_promotion" class="impression-logged"><div class="promotion-item-image"><img alt="깔끔하게 손질한 통통 자숙 가리비살 1kg 2kg, 1개, 자숙가리비살 1kg" loading="lazy" src="//thumbnail3.coupangcdn.com/thumbnails/remote/292x292q65ex/image/vendor_inventory/a04c/1aba623acc5c13035a3b81c15563b7a0f929503da0d09f1b0708ae091d13.jpg"></div><div class="promotion-badge">특가진행중</div><div class="promotion-item-info-wrap"><div class="item-title">깔끔하게 손질한 통통 자숙 가리비살 1kg 2kg, 1개, 자숙가리비살 1kg</div><div class="discount-contain"><span class="discount-text">와우할인가</span><span class="discount-rate">65%</span><span class="origin-price">19,900</span></div><div class="promotion-item-price-contain"><span class="sales-price">6,950원</span></div><div class="unit-price">(100g 695원)</div><div class="pdd-text">모레(금) 도착 예정</div><div class="delivery-text">무료배송</div><div class="promotion-item-review"><span class="split-bg item-review-score-bg"><span class="item-review-score split-bg" style="width: 80%;">80%</span></span><span class="promotion-item-review-count">(1,103)</span></div><div class="stock_percent_contain"><div class="progress_contain"><div class="progress_position" style="width: 61%;"></div></div><div class="progress_text">61 % 남음</div></div></div></a></li><li class="promotion-carousel-item"><a data-vendor-item-id="91548800700" data-vendor-id="A00250080" data-product-id="7828059546" data-item-id="24536250191" data-tracking-tag="" data-impression-log-uri="https://mercury.coupang.com/e.gif?t=101&amp;r=itJvFgbDLgH9tvZWiqI3AOjm1rqoMH8u85TfOfhl_JeIX7rsc3ZVHipp1WNA7IAWoIwWXQIk-R4rU7SBfvxz7tZJzYC9_NHtzRmlYyL8OXvIuYVucUBk1b8dEVyxS_sx1143AKc66QvmxobH_fZdrf_uvdQmKTA6752aQVBbQykVgApB41KhetV_lTyuJWQb4wst9VUVJ1Qe5jNKxCOSmgtFwmj7QE9BpntTSRalJC218kRnIaGyQMcPAvodY2j062KmP9oCFHun-CJwu49b4PlImurd8LW2C9rStO06RLcr3mAn4kCu62aqoFjz6MVSWXW-luNjzLs%3D" data-click-log-uri="https://mercury.coupang.com/e.gif?t=100&amp;r=ajeYxnd2Kjug45OgapAPuDwp65_H5ML1FrBSwBflxjSnsomLyJnnvFGV09APo67nf57Ea0uGEIiZ3yaARP44YeH7_yVeqTOeRec9Y_ME7PMdWLfG6IZNAG3qJ_cxxNPoyduFmt-N9ZomPl79zQtoLPazJRSNZIB5CWh8yyHeFyq0YVhhKj_Ior_7UkyLdiR7k3cvFjd-B6JIWPy1Kk8_OQZ3nkHpSJXM5sT2tmfp-1d8WSwDy4-95amJPvMAI0lJmaFSPLC61boZtZXUzVZ_mFA3IakB91NXOAZ5fASsWAjLCWh27GJSb84HNgFNjDRV1t1n" data-click-logging="{&quot;targetProductId&quot;:7828059546,&quot;targetVendorItemId&quot;:91548800700,&quot;targetItemId&quot;:24536250191,&quot;pageName&quot;:&quot;recommendation&quot;,&quot;domain&quot;:&quot;sdp&quot;,&quot;eventName&quot;:&quot;sdp_bottom_promotion&quot;}" data-adsplatform="{&quot;clickLogUri&quot;:&quot;https://mercury.coupang.com/e.gif?t=100&amp;r=ajeYxnd2Kjug45OgapAPuDwp65_H5ML1FrBSwBflxjSnsomLyJnnvFGV09APo67nf57Ea0uGEIiZ3yaARP44YeH7_yVeqTOeRec9Y_ME7PMdWLfG6IZNAG3qJ_cxxNPoyduFmt-N9ZomPl79zQtoLPazJRSNZIB5CWh8yyHeFyq0YVhhKj_Ior_7UkyLdiR7k3cvFjd-B6JIWPy1Kk8_OQZ3nkHpSJXM5sT2tmfp-1d8WSwDy4-95amJPvMAI0lJmaFSPLC61boZtZXUzVZ_mFA3IakB91NXOAZ5fASsWAjLCWh27GJSb84HNgFNjDRV1t1n&quot;, &quot;impressionLogUri&quot;:&quot;https://mercury.coupang.com/e.gif?t=101&amp;r=itJvFgbDLgH9tvZWiqI3AOjm1rqoMH8u85TfOfhl_JeIX7rsc3ZVHipp1WNA7IAWoIwWXQIk-R4rU7SBfvxz7tZJzYC9_NHtzRmlYyL8OXvIuYVucUBk1b8dEVyxS_sx1143AKc66QvmxobH_fZdrf_uvdQmKTA6752aQVBbQykVgApB41KhetV_lTyuJWQb4wst9VUVJ1Qe5jNKxCOSmgtFwmj7QE9BpntTSRalJC218kRnIaGyQMcPAvodY2j062KmP9oCFHun-CJwu49b4PlImurd8LW2C9rStO06RLcr3mAn4kCu62aqoFjz6MVSWXW-luNjzLs%3D&quot;, &quot;viewImpression&quot;: &quot;https://mercury.coupang.com/e.gif?t=102&amp;r=ECXwYgR_APWYZi36EOlUG7ZQ4Zv-4KLJDK2xs6rGEVSqrzPmdjeFpF0OZ_jqko2Qu-xIN3jzQx5buUra6fwlgYVkC73D2EzH6wCK5wXImUdNpB2jIQ7ssuMIAtqmuUklUuX12NMhS6AteyN9DUUIMQjHoG3p3hz-dEbXSWTGlF6_9mGhfsBRzw1qgtROqm1tSCorhe5Y0NGyHn39uiapCuK8mw842BKjCsg6nl0MnJ2ZtkAajHPN_mfE-l7TEP1q1Hgpy4M1mGDZfwI8U3DXS8DNHw7ijFlDfTos6mwqznWglXNNFjXiKrsev43jxMM38_8%3D&quot; }" target="_blank" href="/vp/products/7828059546?vendorItemId=91548800700&amp;sourceType=sdp_bottom_promotion&amp;searchId=feed-b726b1da878744758573d07aa1c1d45c-3.3.107:gw_promotion" class="impression-logged"><div class="promotion-item-image"><img alt="껍질벗겨 더 쫄깃한 몸통건오징어 270g(10~17미), 1개" loading="lazy" src="//thumbnail2.coupangcdn.com/thumbnails/remote/292x292q65ex/image/vendor_inventory/23a6/7be68a8f9e9ed7722ff54e2803a177dca2df8058549fe2402f498fbe5a97.jpg"></div><div class="promotion-badge">특가진행중</div><div class="promotion-item-info-wrap"><div class="item-title">껍질벗겨 더 쫄깃한 몸통건오징어 270g(10~17미), 1개</div><div class="discount-contain"><span class="discount-text">와우할인가</span><span class="discount-rate">18%</span><span class="origin-price">17,900</span></div><div class="promotion-item-price-contain"><span class="sales-price">14,520원</span></div><div class="unit-price">(10g 538원)</div><div class="pdd-text">모레(금) 도착 예정</div><div class="delivery-text">무료배송</div><div class="promotion-item-review"><span class="split-bg item-review-score-bg"><span class="item-review-score split-bg" style="width: 80%;">80%</span></span><span class="promotion-item-review-count">(5,238)</span></div><div class="stock_percent_contain"><div class="progress_contain"><div class="progress_position" style="width: 72%;"></div></div><div class="progress_text">72 % 남음</div></div></div></a></li><li class="promotion-carousel-item"><a data-vendor-item-id="91823675376" data-vendor-id="A01335513" data-product-id="8616862745" data-item-id="25326384137" data-tracking-tag="" data-impression-log-uri="https://mercury.coupang.com/e.gif?t=101&amp;r=NQldydIvSudFD-pvNXK2ZyT3PzMtNERVnIPmit5wv96zrcKel6rTqAUwkMHloXir5shfl7kG_DZj5nEmLm2lLnhSN6qRjNrwUPm90HnMn6gjYmhNzrpaTnc9eMBzWkEihN-t2__axGW-ivpF72ajwVHGWjwqI628HHr4TBwDckharVkfN-rHYiG3enCLNYsE38Vl-BmPn8xKy8d2ooOfO3qOPV9qTwtKqY8LPDtT5OomeKgy6U5DvWoZhhAiAdMBehggkrvmcDotk0abIBlfgxJRW4CCQZUdTfKnVxmSwyIdIiE0rsvFAH_T-4Z8v-XjH5evKxuLfCA%3D" data-click-log-uri="https://mercury.coupang.com/e.gif?t=100&amp;r=d8wl4MwKoWCR7f2DdxaK9_gnOBvMLvkO_Jo4bVKD_FO9DW9WDMcvr2PrVLl0ywBA8HY1EDVqknhQMwEiMJQSbmaSinZDZ1USVA2tWzOAImTlPnGL1iSESo9NuHZPp7H2Zot2RUKRv1j-PagspSloKHXxFHzr-0uR9nIHWQWap15yh7z9LNhrdagN6pZEvBVm06zhgM3iGZq4ZQGGAn7dzuYZ2UmrOo2TkO22ePo1ItgLBfmDCC1lkwkBKMqa03O0kAqgMyrBmmrhw6Vx6oRqJmL9JCCGlNY2e39MR11KxbntylNYdgqL_aAioKSrd6vQP9i9" data-click-logging="{&quot;targetProductId&quot;:8616862745,&quot;targetVendorItemId&quot;:91823675376,&quot;targetItemId&quot;:25326384137,&quot;pageName&quot;:&quot;recommendation&quot;,&quot;domain&quot;:&quot;sdp&quot;,&quot;eventName&quot;:&quot;sdp_bottom_promotion&quot;}" data-adsplatform="{&quot;clickLogUri&quot;:&quot;https://mercury.coupang.com/e.gif?t=100&amp;r=d8wl4MwKoWCR7f2DdxaK9_gnOBvMLvkO_Jo4bVKD_FO9DW9WDMcvr2PrVLl0ywBA8HY1EDVqknhQMwEiMJQSbmaSinZDZ1USVA2tWzOAImTlPnGL1iSESo9NuHZPp7H2Zot2RUKRv1j-PagspSloKHXxFHzr-0uR9nIHWQWap15yh7z9LNhrdagN6pZEvBVm06zhgM3iGZq4ZQGGAn7dzuYZ2UmrOo2TkO22ePo1ItgLBfmDCC1lkwkBKMqa03O0kAqgMyrBmmrhw6Vx6oRqJmL9JCCGlNY2e39MR11KxbntylNYdgqL_aAioKSrd6vQP9i9&quot;, &quot;impressionLogUri&quot;:&quot;https://mercury.coupang.com/e.gif?t=101&amp;r=NQldydIvSudFD-pvNXK2ZyT3PzMtNERVnIPmit5wv96zrcKel6rTqAUwkMHloXir5shfl7kG_DZj5nEmLm2lLnhSN6qRjNrwUPm90HnMn6gjYmhNzrpaTnc9eMBzWkEihN-t2__axGW-ivpF72ajwVHGWjwqI628HHr4TBwDckharVkfN-rHYiG3enCLNYsE38Vl-BmPn8xKy8d2ooOfO3qOPV9qTwtKqY8LPDtT5OomeKgy6U5DvWoZhhAiAdMBehggkrvmcDotk0abIBlfgxJRW4CCQZUdTfKnVxmSwyIdIiE0rsvFAH_T-4Z8v-XjH5evKxuLfCA%3D&quot;, &quot;viewImpression&quot;: &quot;https://mercury.coupang.com/e.gif?t=102&amp;r=X5E43jdIL9p3Anl9XxmEVlZ7o9HBQDMOSM1DKwDOfLICDwy4n5KJKm4M5llnMLIBaxiBBAeglvOtbW5IbuIGI4xNoqRyE4TLrhVrFGpLyfDjTtzAtBHHl2N5fC6xhqagENLxpJdSybEpBHmp76B2GxJqgwRWFqDrzu2y0Clx0hxgaoU88vUySPtP5RFALWeU081rGk1bd3ttjaNkDDNW1w2gyIEoZbczGEte-lZDQvv96wkyJ7GBzMT4npsZENov6xcka5EPR0_SkUHxCDVDK7-DD0TTbE9n4bRnYgoV-KtWT0pD8IB7v0imvfYTYvpt67c%3D&quot; }" target="_blank" href="/vp/products/8616862745?vendorItemId=91823675376&amp;sourceType=sdp_bottom_promotion&amp;searchId=feed-b726b1da878744758573d07aa1c1d45c-3.3.107:gw_promotion" class="impression-logged"><div class="promotion-item-image"><img alt="경아상회 동해안 해풍 건조오징어 마른오징어 당일바리 10마리 400g~1kg, 1개, 500g(10미)" loading="lazy" src="//thumbnail5.coupangcdn.com/thumbnails/remote/292x292q65ex/image/vendor_inventory/14f8/1b53a89e4f4e2c9309b97c87aaa3ec53d1f8a80dafb9805e59bd81fdb991.jpg"></div><div class="promotion-badge">특가진행중</div><div class="promotion-item-info-wrap"><div class="item-title">경아상회 동해안 해풍 건조오징어 마른오징어 당일바리 10마리 400g~1kg, 1개, 500g(10미)</div><div class="discount-contain"><span class="discount-text">와우할인가</span><span class="discount-rate">21%</span><span class="origin-price">44,000</span></div><div class="promotion-item-price-contain"><span class="sales-price">34,630원</span></div><div class="unit-price">(100g 6,926원)</div><div class="pdd-text">모레(금) 도착 예정</div><div class="delivery-text">무료배송</div><div class="promotion-item-review"><span class="split-bg item-review-score-bg"><span class="item-review-score split-bg" style="width: 80%;">80%</span></span><span class="promotion-item-review-count">(180)</span></div><div class="stock_percent_contain"><div class="progress_contain"><div class="progress_position" style="width: 9%;"></div></div><div class="progress_text">9 % 남음</div></div></div></a></li><li class="promotion-carousel-item"><a data-vendor-item-id="92201358796" data-vendor-id="A00132164" data-product-id="8682463507" data-item-id="25204806855" data-tracking-tag="" data-impression-log-uri="https://mercury.coupang.com/e.gif?t=101&amp;r=iWwhAMlE5uyocZTFiSIgA7ZNRiBTsdOKvYvkue8G1a7bTRD9Tl9UpYf6kWo_ZImzVIWgqDwfT5J_R2RHpp9NGCpVOgzWk1qZ6KLDh71KFkSsqQlRHY2NtM0smv0QGtEM_CbHyiGDjHs5_4_HckENzKwaMCXm8d1_ZHMQeVcLCYHB31IIYOaHONwW2DrMlGvkc-euZaT6YBKWBdD4-XgunPfq7a89oDiG7fwcUGOdeB7EA8VBOgJ5jRimPt8b730LMzwarI6b0QazQliWeeWzNa8Ck9Q0ryqcYizPsefvFKyNa8WLGGGNEWXpoNSN97hy-jAcfSGkass%3D" data-click-log-uri="https://mercury.coupang.com/e.gif?t=100&amp;r=odmJiCkQzJdlsSoHoaCgPvIjI-w-3XEOIoMvFcZ1oY-Ws2tTbS9gipn82Eq57FIHrQBHkach1QZgOk-rcGOjSIbW0JjJ-cvDWeq0nP-Gqp3eoN2Oczl_xRdt_Uho91UGoY2tauoNSGlzP-BKROBssCBL5m5m_7PWUaze8h18AwYoxb_hQpKiimqWN6MjoOmjYLN2503eR-TZ_XE7fj2nkaAjiRb7yVtU7E6IikwwLE9FJIdM2IU9PhM4Dj24GN2GDCLFVIJ4I3ijoAHjSe0273UuvhwmWz_jlxMGnu6LH-lYcDe1Plc0ufGVB2M2gKhtcdJM" data-click-logging="{&quot;targetProductId&quot;:8682463507,&quot;targetVendorItemId&quot;:92201358796,&quot;targetItemId&quot;:25204806855,&quot;pageName&quot;:&quot;recommendation&quot;,&quot;domain&quot;:&quot;sdp&quot;,&quot;eventName&quot;:&quot;sdp_bottom_promotion&quot;}" data-adsplatform="{&quot;clickLogUri&quot;:&quot;https://mercury.coupang.com/e.gif?t=100&amp;r=odmJiCkQzJdlsSoHoaCgPvIjI-w-3XEOIoMvFcZ1oY-Ws2tTbS9gipn82Eq57FIHrQBHkach1QZgOk-rcGOjSIbW0JjJ-cvDWeq0nP-Gqp3eoN2Oczl_xRdt_Uho91UGoY2tauoNSGlzP-BKROBssCBL5m5m_7PWUaze8h18AwYoxb_hQpKiimqWN6MjoOmjYLN2503eR-TZ_XE7fj2nkaAjiRb7yVtU7E6IikwwLE9FJIdM2IU9PhM4Dj24GN2GDCLFVIJ4I3ijoAHjSe0273UuvhwmWz_jlxMGnu6LH-lYcDe1Plc0ufGVB2M2gKhtcdJM&quot;, &quot;impressionLogUri&quot;:&quot;https://mercury.coupang.com/e.gif?t=101&amp;r=iWwhAMlE5uyocZTFiSIgA7ZNRiBTsdOKvYvkue8G1a7bTRD9Tl9UpYf6kWo_ZImzVIWgqDwfT5J_R2RHpp9NGCpVOgzWk1qZ6KLDh71KFkSsqQlRHY2NtM0smv0QGtEM_CbHyiGDjHs5_4_HckENzKwaMCXm8d1_ZHMQeVcLCYHB31IIYOaHONwW2DrMlGvkc-euZaT6YBKWBdD4-XgunPfq7a89oDiG7fwcUGOdeB7EA8VBOgJ5jRimPt8b730LMzwarI6b0QazQliWeeWzNa8Ck9Q0ryqcYizPsefvFKyNa8WLGGGNEWXpoNSN97hy-jAcfSGkass%3D&quot;, &quot;viewImpression&quot;: &quot;https://mercury.coupang.com/e.gif?t=102&amp;r=sJcoOt0RFFvFjPpDsDh0wgyOV55vKEXh92UZFLbXemqKx80VXO_zpzxQZwyLcQeW-f0fykD-eYNBX1gFjSxlXTB3IjpGGCJZbkbPcbK0ssL8ekBVJaHhIXqMaGgC20p7A42Gi-IpIABLNawKUpzmTuBQ14a5UeJ3Aextpm36jUZWNUX1lWfqlDTnD3OXmwVCJ3EbTSheaH3UGN0DujiGYgb9N2nGUvRwWO25fhwgAhkLnAw6ghXXRF4JB5TEc_3FyuUVF-Zz-xRbdb6n3J04HFPKaYvr8Rsx_5Ds94G1Ktssv_PDGmM7sXTxGF7ZcfcR4as%3D&quot; }" target="_blank" href="/vp/products/8682463507?vendorItemId=92201358796&amp;sourceType=sdp_bottom_promotion&amp;searchId=feed-b726b1da878744758573d07aa1c1d45c-3.3.107:gw_promotion" class="impression-logged"><div class="promotion-item-image"><img alt="동명상회 바비큐 페스츄리 오징어스틱, 20개, 1팩" loading="lazy" src="//thumbnail5.coupangcdn.com/thumbnails/remote/292x292q65ex/image/vendor_inventory/3315/5d936e956958408dba784e1b7add865b0c5dafe5886e29105e2ff80473d8.jpg"></div><div class="promotion-badge">특가진행중</div><div class="promotion-item-info-wrap"><div class="item-title">동명상회 바비큐 페스츄리 오징어스틱, 20개, 1팩</div><div class="discount-contain"><span class="discount-text">와우할인가</span><span class="discount-rate">33%</span><span class="origin-price">13,500</span></div><div class="promotion-item-price-contain"><span class="sales-price">9,010원</span></div><div class="pdd-text">모레(금) 도착 예정</div><div class="delivery-text">무료배송</div><div class="promotion-item-review"><span class="split-bg item-review-score-bg"><span class="item-review-score split-bg" style="width: 90%;">90%</span></span><span class="promotion-item-review-count">(64)</span></div><div class="stock_percent_contain"><div class="progress_contain"><div class="progress_position" style="width: 74%;"></div></div><div class="progress_text">74 % 남음</div></div></div></a></li><li class="promotion-carousel-item"><a data-vendor-item-id="76108273151" data-vendor-id="A00473827" data-product-id="7687753267" data-item-id="24513210260" data-tracking-tag="" data-impression-log-uri="https://mercury.coupang.com/e.gif?t=101&amp;r=5f36uWNXJD8s45d25ToZwYiFbT46v2PElfaJiKmZ1lPW8wTAVzC8vMtpdaZUbKwVBDzn9kiyB9t-JQfaFPX7v4JlyYZgdOv8ZDApxriOCW9rp-9UmKxBDlGlRnNCz5_WjfZddCtBUilxSqWX6rpcCugvCLXqFiFvMIOuPSj-VfNtfvE3R0JknfXvB9yFNaOrKA3GjUjxt97rgUuAwsHg9yEmUFCLw6Zo3FK4PQHzEaATDNhVhsauNm12jeW1wZFDXGQJRl0jaVpwpN-XQ_gYP8f7i7W-cVq7MjvYhRDsrUNC2h--g3EqjPVbMMKSJxNbyiS3WinUonw%3D" data-click-log-uri="https://mercury.coupang.com/e.gif?t=100&amp;r=Mob7rmrQGfuHALuSMnhjbTOmbhMarE7me96mi2hbHCTAUA1fZqKlKmUYn44unKme-Dvx43Z37lmm5fV9XT08DdGWY_ANnNIcOr2OWHehalCcwbqC50nE7wRVgryf2Zcq16oUEGmfpR11e7QnXtMmFihYigXsnnIKXicmKpyDckmTnsmDBpqmwg3PdDfDKhwmHDCIDxcsuZSnRoXJut92Osc68jKV44T6dMbMsQ6EBsG1NC9QfUnpgyBvsjsQEgp2KcYXajq9mNX7Xz5TUlYQON9pw782QgdanExKtSGWvT5hgqGFlOz7nkisNiiWC88yTDGn" data-click-logging="{&quot;targetProductId&quot;:7687753267,&quot;targetVendorItemId&quot;:76108273151,&quot;targetItemId&quot;:24513210260,&quot;pageName&quot;:&quot;recommendation&quot;,&quot;domain&quot;:&quot;sdp&quot;,&quot;eventName&quot;:&quot;sdp_bottom_promotion&quot;}" data-adsplatform="{&quot;clickLogUri&quot;:&quot;https://mercury.coupang.com/e.gif?t=100&amp;r=Mob7rmrQGfuHALuSMnhjbTOmbhMarE7me96mi2hbHCTAUA1fZqKlKmUYn44unKme-Dvx43Z37lmm5fV9XT08DdGWY_ANnNIcOr2OWHehalCcwbqC50nE7wRVgryf2Zcq16oUEGmfpR11e7QnXtMmFihYigXsnnIKXicmKpyDckmTnsmDBpqmwg3PdDfDKhwmHDCIDxcsuZSnRoXJut92Osc68jKV44T6dMbMsQ6EBsG1NC9QfUnpgyBvsjsQEgp2KcYXajq9mNX7Xz5TUlYQON9pw782QgdanExKtSGWvT5hgqGFlOz7nkisNiiWC88yTDGn&quot;, &quot;impressionLogUri&quot;:&quot;https://mercury.coupang.com/e.gif?t=101&amp;r=5f36uWNXJD8s45d25ToZwYiFbT46v2PElfaJiKmZ1lPW8wTAVzC8vMtpdaZUbKwVBDzn9kiyB9t-JQfaFPX7v4JlyYZgdOv8ZDApxriOCW9rp-9UmKxBDlGlRnNCz5_WjfZddCtBUilxSqWX6rpcCugvCLXqFiFvMIOuPSj-VfNtfvE3R0JknfXvB9yFNaOrKA3GjUjxt97rgUuAwsHg9yEmUFCLw6Zo3FK4PQHzEaATDNhVhsauNm12jeW1wZFDXGQJRl0jaVpwpN-XQ_gYP8f7i7W-cVq7MjvYhRDsrUNC2h--g3EqjPVbMMKSJxNbyiS3WinUonw%3D&quot;, &quot;viewImpression&quot;: &quot;https://mercury.coupang.com/e.gif?t=102&amp;r=tVGQBLQKU8AEvsdHteJnf5C2It2d_5lGD_tFC-gvhFmuhndHzqpup1C45hw6qzyQ6Quknci37kXRCfXB4CzofRVk7Fhjvb6gUzK1T9SovFptxJAoA-yVwIMOa57AnTvox7t_-hbbK-qATmbU9RurHFYoaPcEkCPS1cdt40iSQ49PlaR5YSGMUaHkkNh_UmoxlB4dKB3iHP8THLfMVp9ayn4TlZ97i29EbjrPpH-Civ-eKMEktDn84t0iuybwQL0xL5REXBboNXdrRfoJAsxZLVMmtesdffX0Ag0MTCrgLUxsCyrvSVjEC3b1g4oOiEjEqSU%3D&quot; }" target="_blank" href="/vp/products/7687753267?vendorItemId=76108273151&amp;sourceType=sdp_bottom_promotion&amp;searchId=feed-b726b1da878744758573d07aa1c1d45c-3.3.107:gw_promotion" class="impression-logged"><div class="promotion-item-image"><img alt="진미채 중가루 파지 떡가루 [보냉팩+아이스팩 포장], 중가루1kg, 1개" loading="lazy" src="//thumbnail9.coupangcdn.com/thumbnails/remote/292x292q65ex/image/vendor_inventory/a657/4039fc741326803821f13fae9cbfb88783b6209aea95d82cdc47c279a222.jpg"></div><div class="promotion-badge">특가진행중</div><div class="promotion-item-info-wrap"><div class="item-title">진미채 중가루 파지 떡가루 [보냉팩+아이스팩 포장], 중가루1kg, 1개</div><div class="discount-contain"><span class="discount-text">와우할인가</span><span class="discount-rate">13%</span><span class="origin-price">24,500</span></div><div class="promotion-item-price-contain"><span class="sales-price">21,290원</span></div><div class="unit-price">(100g 2,129원)</div><div class="pdd-text">모레(금) 도착 예정</div><div class="delivery-text">무료배송</div><div class="promotion-item-review"><span class="split-bg item-review-score-bg"><span class="item-review-score split-bg" style="width: 90%;">90%</span></span><span class="promotion-item-review-count">(618)</span></div><div class="stock_percent_contain"><div class="progress_contain"><div class="progress_position" style="width: 68%;"></div></div><div class="progress_text">68 % 남음</div></div></div></a></li><li class="promotion-carousel-item"><a data-vendor-item-id="90461695465" data-vendor-id="A00116459" data-product-id="8189969318" data-item-id="23434773728" data-tracking-tag="" data-impression-log-uri="https://mercury.coupang.com/e.gif?t=101&amp;r=eHXTLLD3KvDpdzK7eN3310elt6OIKsOwoNNMaP2U-MPQpQRxdWkk_nQRUQ7vxpWP9_pfIwm6i_A_YLtU8-lVVf920_90y5Bl10irOH3INghzNH8JLHM5FmLpqYvnZrRt5-R5Xd53nHdY55CCpIoHbfgAm7t8iGb5FUgjJdEu5a2alperTv-W2pkI4lUGg2Fv8tMOys1pVGLIWTjyVSaEdcd_T1XrtZfm0m-vTA2tAPQFmbuz7yjv5sdCO3jSVmAVs4LyEa3Km1aNAryg6NE039YmRP0K4uISNlmFyDpHDBhOdCCNuk8zsFNnAOQeUDNErWcCP9CCBq8%3D" data-click-log-uri="https://mercury.coupang.com/e.gif?t=100&amp;r=RkLtf6H6P_eOA_kaRvGe_9ddx0KyUhuSlMDk_7ygNMFNznFnE2TZR11VFeyWP6xbRMkBITDXua9FpdJLxuHPJk-l0E2AlFL-o8vmk38UbpATvfQrpRzQTAPUwpExZfCKYjRiNPl_NPTQPRO9TF2qS9-OEkf36dVbiDD3QldWN7WY-EMpEFzsKGxNN5B-soM0Y-tv25GuuIG3r4WEbxvNeYURcQzZGVD0AvwIC5661ZfJFoifQvQ0YY1K2uZlFTCpZmwV79B4xUi_gbdmpbTjitomjPxxAY0e1iMKto5nxcBTRXLkZrECHOLu8P5sy_HlRndi" data-click-logging="{&quot;targetProductId&quot;:8189969318,&quot;targetVendorItemId&quot;:90461695465,&quot;targetItemId&quot;:23434773728,&quot;pageName&quot;:&quot;recommendation&quot;,&quot;domain&quot;:&quot;sdp&quot;,&quot;eventName&quot;:&quot;sdp_bottom_promotion&quot;}" data-adsplatform="{&quot;clickLogUri&quot;:&quot;https://mercury.coupang.com/e.gif?t=100&amp;r=RkLtf6H6P_eOA_kaRvGe_9ddx0KyUhuSlMDk_7ygNMFNznFnE2TZR11VFeyWP6xbRMkBITDXua9FpdJLxuHPJk-l0E2AlFL-o8vmk38UbpATvfQrpRzQTAPUwpExZfCKYjRiNPl_NPTQPRO9TF2qS9-OEkf36dVbiDD3QldWN7WY-EMpEFzsKGxNN5B-soM0Y-tv25GuuIG3r4WEbxvNeYURcQzZGVD0AvwIC5661ZfJFoifQvQ0YY1K2uZlFTCpZmwV79B4xUi_gbdmpbTjitomjPxxAY0e1iMKto5nxcBTRXLkZrECHOLu8P5sy_HlRndi&quot;, &quot;impressionLogUri&quot;:&quot;https://mercury.coupang.com/e.gif?t=101&amp;r=eHXTLLD3KvDpdzK7eN3310elt6OIKsOwoNNMaP2U-MPQpQRxdWkk_nQRUQ7vxpWP9_pfIwm6i_A_YLtU8-lVVf920_90y5Bl10irOH3INghzNH8JLHM5FmLpqYvnZrRt5-R5Xd53nHdY55CCpIoHbfgAm7t8iGb5FUgjJdEu5a2alperTv-W2pkI4lUGg2Fv8tMOys1pVGLIWTjyVSaEdcd_T1XrtZfm0m-vTA2tAPQFmbuz7yjv5sdCO3jSVmAVs4LyEa3Km1aNAryg6NE039YmRP0K4uISNlmFyDpHDBhOdCCNuk8zsFNnAOQeUDNErWcCP9CCBq8%3D&quot;, &quot;viewImpression&quot;: &quot;https://mercury.coupang.com/e.gif?t=102&amp;r=mHV9khTQQp_hmMvqmKhCshGwjSNwJybIdmRQbAbOcITQzzqcMUWlW8jf2llcgm9Vz4GydqwYn8T_KvtJoWW_RnPRHWWrqs4HZjzj--uDiIpMKbBiCKAIaeqyJywayvJFW-Na89e8Y8Ik4d9d8GAyTVXMQ4TlsMLe26wKaCFzItNct97V9wDjhxwvErTSWtBqNpo0DodUWdxR1_mB_21Ut1u5TTK8C3DY0NhUsXM0a0E_gg4BZcwA0zg1naRqrf62XBW5bbn3qHkEW2aSin62g3tQSV98bWaavdjQ-8oYO-yy3nTyzgV5ud7aObCbOa8fFV0%3D&quot; }" target="_blank" href="/vp/products/8189969318?vendorItemId=90461695465&amp;sourceType=sdp_bottom_promotion&amp;searchId=feed-b726b1da878744758573d07aa1c1d45c-3.3.107:gw_promotion" class="impression-logged"><div class="promotion-item-image"><img alt="냉동 오징어 3kg 1박스 10미 통오징어 육동오징어 베이트 업소용 식당용, 1개" loading="lazy" src="//thumbnail1.coupangcdn.com/thumbnails/remote/292x292q65ex/image/vendor_inventory/f88d/a48042a50cb5ebbe75bb50e49b6048a2a5eca39408f7d655788fc08a83ab.png"></div><div class="promotion-badge">특가진행중</div><div class="promotion-item-info-wrap"><div class="item-title">냉동 오징어 3kg 1박스 10미 통오징어 육동오징어 베이트 업소용 식당용, 1개</div><div class="discount-contain"><span class="discount-text">와우할인가</span><span class="discount-rate">3%</span><span class="origin-price">27,900</span></div><div class="promotion-item-price-contain"><span class="sales-price">26,800원</span></div><div class="unit-price">(100g 893원)</div><div class="pdd-text">모레(금) 도착 예정</div><div class="delivery-text">무료배송</div><div class="promotion-item-review"><span class="split-bg item-review-score-bg"><span class="item-review-score split-bg" style="width: 80%;">80%</span></span><span class="promotion-item-review-count">(122)</span></div><div class="stock_percent_contain"><div class="progress_contain"><div class="progress_position" style="width: 1%;"></div></div><div class="progress_text">1 % 남음</div></div></div></a></li><li class="promotion-carousel-item"><a data-vendor-item-id="91336232218" data-vendor-id="A01274660" data-product-id="8673538693" data-item-id="25178555441" data-tracking-tag="" data-impression-log-uri="https://mercury.coupang.com/e.gif?t=101&amp;r=9yn6PaLVewqfebZB96rAv3LrSwWzcFsl_ReJyD5C5Dnpzk9agS9vNxbC_3Gwnuk4kIqPTRBlHnHcPA81UZvDHRUye9vG8oJuym2OXAZHZ4MxAosLJEx50E_TK0t0nwXMisbvzg4F3SiqQo6EyhK_1e-IjGUnRx2yi7GQlQDB5A-it403WTPcOHMHaJ4O2J1jfYq853k9b_nyAxMhBlDP3A53XvB3W9yhIKr7Ic_JwXkEH5dq5Tvd_fqLk4Xl9MijNGyNZNf_I24p3MLCQko8KNxN66G6TBE2Czp4R2loe791uAz9nnXPpLWakMY1T-bhTrI_ErbL8Ic%3D" data-click-log-uri="https://mercury.coupang.com/e.gif?t=100&amp;r=qwZ19PCjB9pdv24Uq8widXOmCBE5Et3eV_kNgO9Kq4w27I7ZRBEnEYQ-7xZEvMb1om22muHb3vx6h5GsyTILqioExHz88ZTO-7jV_p5tN2B0ZDACnBFszEzNCfUlwklkxBIw-YO02i6JhH6YxaIU0NK-cZslyM4jmeDl6OQirK_JnzkIYWIiiYhZmw4y6Wjuy3GBVMzIBgoJyJtjgskrhk02hxtzfUekEQye87HZrsx5hFZblUXSJX858IbLlrklpM_eVRsgzGaHnph0YWwLhJPaqlR3ojqQxgDte06hj5Ku57caE_TuOVhmM9zBDn0XBDG8" data-click-logging="{&quot;targetProductId&quot;:8673538693,&quot;targetVendorItemId&quot;:91336232218,&quot;targetItemId&quot;:25178555441,&quot;pageName&quot;:&quot;recommendation&quot;,&quot;domain&quot;:&quot;sdp&quot;,&quot;eventName&quot;:&quot;sdp_bottom_promotion&quot;}" data-adsplatform="{&quot;clickLogUri&quot;:&quot;https://mercury.coupang.com/e.gif?t=100&amp;r=qwZ19PCjB9pdv24Uq8widXOmCBE5Et3eV_kNgO9Kq4w27I7ZRBEnEYQ-7xZEvMb1om22muHb3vx6h5GsyTILqioExHz88ZTO-7jV_p5tN2B0ZDACnBFszEzNCfUlwklkxBIw-YO02i6JhH6YxaIU0NK-cZslyM4jmeDl6OQirK_JnzkIYWIiiYhZmw4y6Wjuy3GBVMzIBgoJyJtjgskrhk02hxtzfUekEQye87HZrsx5hFZblUXSJX858IbLlrklpM_eVRsgzGaHnph0YWwLhJPaqlR3ojqQxgDte06hj5Ku57caE_TuOVhmM9zBDn0XBDG8&quot;, &quot;impressionLogUri&quot;:&quot;https://mercury.coupang.com/e.gif?t=101&amp;r=9yn6PaLVewqfebZB96rAv3LrSwWzcFsl_ReJyD5C5Dnpzk9agS9vNxbC_3Gwnuk4kIqPTRBlHnHcPA81UZvDHRUye9vG8oJuym2OXAZHZ4MxAosLJEx50E_TK0t0nwXMisbvzg4F3SiqQo6EyhK_1e-IjGUnRx2yi7GQlQDB5A-it403WTPcOHMHaJ4O2J1jfYq853k9b_nyAxMhBlDP3A53XvB3W9yhIKr7Ic_JwXkEH5dq5Tvd_fqLk4Xl9MijNGyNZNf_I24p3MLCQko8KNxN66G6TBE2Czp4R2loe791uAz9nnXPpLWakMY1T-bhTrI_ErbL8Ic%3D&quot;, &quot;viewImpression&quot;: &quot;https://mercury.coupang.com/e.gif?t=102&amp;r=fEUq0W8qwrjV_6upfF2CzlG03tZFrImaZdS0zM1lWNd6Vx34pLD_wK8UHz9jZpK2shmE2T0jl_Z64Is4kM55U3QZ5R5i0QFNB-6HaR8Cz6e3xSWjGDErWC8dkau5MbJMRvNzigNFmsivD_e8hrnaVSpW-Ir0bMC33vmB2IvASC7E09hYqu46ZD-l6DX7yb0Wt-Oa3fjZ2voXFnZEl3xJgFzVrCK94UYIkZqpmakoH4itEuK3aDbjIkOxmKjLim1YY-J3v9Pw1d6K4rc-67MCeyv_7s80m6vmPuiuw4MDnxiRJmx5nb6nSS6MH7kNAdZn7Yw%3D&quot; }" target="_blank" href="/vp/products/8673538693?vendorItemId=91336232218&amp;sourceType=sdp_bottom_promotion&amp;searchId=feed-b726b1da878744758573d07aa1c1d45c-3.3.107:gw_promotion" class="impression-logged"><div class="promotion-item-image"><img alt="부드러운 참가자미 냉동 가자미 1kg 10마리 밥반찬 흰살생선, 1세트, 10미" loading="lazy" src="//thumbnail7.coupangcdn.com/thumbnails/remote/292x292q65ex/image/vendor_inventory/214c/2623c09cfc0a6182217f268ae009594901e7800de07d3507202f6244019b.jpg"></div><div class="promotion-badge">특가진행중</div><div class="promotion-item-info-wrap"><div class="item-title">부드러운 참가자미 냉동 가자미 1kg 10마리 밥반찬 흰살생선, 1세트, 10미</div><div class="discount-contain"><span class="discount-text">와우할인가</span><span class="discount-rate">5%</span><span class="origin-price">13,900</span></div><div class="promotion-item-price-contain"><span class="sales-price">13,200원</span></div><div class="unit-price">(100g 1,320원)</div><div class="pdd-text">모레(금) 도착 예정</div><div class="delivery-text">무료배송</div><div class="promotion-item-review"><span class="split-bg item-review-score-bg"><span class="item-review-score split-bg" style="width: 80%;">80%</span></span><span class="promotion-item-review-count">(114)</span></div><div class="stock_percent_contain"><div class="progress_contain"><div class="progress_position" style="width: 88%;"></div></div><div class="progress_text">88 % 남음</div></div></div></a></li><li class="promotion-carousel-item"><a data-vendor-item-id="89342156004" data-vendor-id="A01057925" data-product-id="8003220683" data-item-id="22296662100" data-tracking-tag="" data-impression-log-uri="https://mercury.coupang.com/e.gif?t=101&amp;r=-_i60656Rx1Pl0Pl-wcnDiQ308XkBDYjg2-LQ5z8zSgDqKEIFr-k_NxKHO3mR3piY1x2YuIGhyWSYqIHtmJAnRYSZDh68an4E0wYKi5Z1j2mUEesXSVqF33jgvxfui4elE3hjIeuXcSDcwY_hzPnZiUwNtiM-5maSlL_p086W8Uj5k7cukodpVfjEVokhIhvmWG68xSo8XpoQMBoeNQUCic5ZDhOo5wISBZgMyNBXTo7amZAsjXqWAiISGdmZRcJMm9elxJ-Lxj1psMI67DSX8M45j6913ZTxvcWEA2ZH5gOh7pwG56C6M-cWrPu6K1eZDKuzJwtcfo%3D" data-click-log-uri="https://mercury.coupang.com/e.gif?t=100&amp;r=CqqevIEhSXq5ASV5CuAoV2_-5DcWaQ5Jhffwnmwass2dBmPWojeJJSJmORlVKKZhhCuGHpP-Ez1HrymRc5N_pgnuMDAV7P1zagW6tmckrONxaAvoBcrPn3Np4EK5xkrcskq9rsym1lfOPtzbYTsenHK1TYMTlEroDwsjv5arEjx5aHUOeU7W4AUTPOyKYzSkLnvJhM0m3pKhv8gE6nTQRrED8gr9kgyArro_BjKiD2vQzvfdWKTF7oynVmpM_2cuUyx0XFMpxN8kArwbth6gur3Y1fhxN2sMs7VaAqRJQ4BQuxSGFltXb_3jov2O8ZAkieLo" data-click-logging="{&quot;targetProductId&quot;:8003220683,&quot;targetVendorItemId&quot;:89342156004,&quot;targetItemId&quot;:22296662100,&quot;pageName&quot;:&quot;recommendation&quot;,&quot;domain&quot;:&quot;sdp&quot;,&quot;eventName&quot;:&quot;sdp_bottom_promotion&quot;}" data-adsplatform="{&quot;clickLogUri&quot;:&quot;https://mercury.coupang.com/e.gif?t=100&amp;r=CqqevIEhSXq5ASV5CuAoV2_-5DcWaQ5Jhffwnmwass2dBmPWojeJJSJmORlVKKZhhCuGHpP-Ez1HrymRc5N_pgnuMDAV7P1zagW6tmckrONxaAvoBcrPn3Np4EK5xkrcskq9rsym1lfOPtzbYTsenHK1TYMTlEroDwsjv5arEjx5aHUOeU7W4AUTPOyKYzSkLnvJhM0m3pKhv8gE6nTQRrED8gr9kgyArro_BjKiD2vQzvfdWKTF7oynVmpM_2cuUyx0XFMpxN8kArwbth6gur3Y1fhxN2sMs7VaAqRJQ4BQuxSGFltXb_3jov2O8ZAkieLo&quot;, &quot;impressionLogUri&quot;:&quot;https://mercury.coupang.com/e.gif?t=101&amp;r=-_i60656Rx1Pl0Pl-wcnDiQ308XkBDYjg2-LQ5z8zSgDqKEIFr-k_NxKHO3mR3piY1x2YuIGhyWSYqIHtmJAnRYSZDh68an4E0wYKi5Z1j2mUEesXSVqF33jgvxfui4elE3hjIeuXcSDcwY_hzPnZiUwNtiM-5maSlL_p086W8Uj5k7cukodpVfjEVokhIhvmWG68xSo8XpoQMBoeNQUCic5ZDhOo5wISBZgMyNBXTo7amZAsjXqWAiISGdmZRcJMm9elxJ-Lxj1psMI67DSX8M45j6913ZTxvcWEA2ZH5gOh7pwG56C6M-cWrPu6K1eZDKuzJwtcfo%3D&quot;, &quot;viewImpression&quot;: &quot;https://mercury.coupang.com/e.gif?t=102&amp;r=PrSuCLCcKuY3Ukk6Pq7LGGZtsVyOFSeLu29j-siBF8QHh_vicXEXeQqW9lBaADVJMR3sgYo_pbRRpVDOmmK4Mrbp3xNfsfTTCog64X-YeTp_N9-gE1Oc1v50KOXH67mQJoRJKPnu6WKKftdNG3zQUdvkB9NrQWmFbKSdVHqcrRKbKwwTYfqWZAoNJdXSITNZAEDbTokBIYIbQNYMZwqXJXMJWCRLwWeNJ5s4Kjra1mxIUmPtohINGCmgPlzKGFi3YmMqWFm_KIf6QMlaDK7YHcOiK_yvkbSqCgPm8x11S4KCNUkfFVupWaIArhEo7XL31as%3D&quot; }" target="_blank" href="/vp/products/8003220683?vendorItemId=89342156004&amp;sourceType=sdp_bottom_promotion&amp;searchId=feed-b726b1da878744758573d07aa1c1d45c-3.3.107:gw_promotion" class="impression-logged"><div class="promotion-item-image"><img alt="바다찬빛 국내가공 오징어채 일미채 백진미채 200g, 1개" loading="lazy" src="//thumbnail5.coupangcdn.com/thumbnails/remote/292x292q65ex/image/vendor_inventory/0611/f02536024d325a85e2a5c0027361c98734d871040f31634462923c6c6515.jpg"></div><div class="promotion-badge">특가진행중</div><div class="promotion-item-info-wrap"><div class="item-title">바다찬빛 국내가공 오징어채 일미채 백진미채 200g, 1개</div><div class="discount-contain"><span class="discount-text">와우할인가</span><span class="discount-rate">30%</span><span class="origin-price">14,000</span></div><div class="promotion-item-price-contain"><span class="sales-price">9,690원</span></div><div class="unit-price">(100g 4,845원)</div><div class="pdd-text">모레(금) 도착 예정</div><div class="delivery-text">무료배송</div><div class="promotion-item-review"><span class="split-bg item-review-score-bg"><span class="item-review-score split-bg" style="width: 100%;">100%</span></span><span class="promotion-item-review-count">(59)</span></div><div class="stock_percent_contain"><div class="progress_contain"><div class="progress_position" style="width: 97%;"></div></div><div class="progress_text">97 % 남음</div></div></div></a></li><li class="promotion-carousel-item"><a data-vendor-item-id="93227910183" data-vendor-id="A01388453" data-product-id="8969258347" data-item-id="26249365748" data-tracking-tag="" data-impression-log-uri="https://mercury.coupang.com/e.gif?t=101&amp;r=gZZBE0gYAtUsk-xGgewFDoQpPt1TSy1v2Oevf2rvZo3RFsW8XuIfAXZdicP6TuqpP3plFYc9aeJKHoZB_OqM6BN1UREqZ8ceo2CgYK-jUzTj426J24vLi1-gSgD21c7rqCu0-6cVMCYb73EDr6n6NLP_VIL3kozABNaxNWgJyDPEOoJ7Fs9n_tyIjHPKPIBKKmh990SCip8R5O4KvOk9dSPPh9J7P_AvB-jij4gjn8Xe3Lv-76fBy-oGlEp_-fov9TmmrQWvUya5C6ucKs__52hEQYU9_i8PVFPsreRoWUxHrb-PWp1u3oNE49Sj2RYhyxw2P84iGSU%3D" data-click-log-uri="https://mercury.coupang.com/e.gif?t=100&amp;r=IwK56ZrTDBhwxVP7I6CnWR9EGmNuSNPZrPO58EpsbzkTUW_rJfLdw2ibGUTxWpj7Dyku4Bab9LneR1KLgLNiyVPkU6yF-3HjLLc2fqPbBhxRvmWCkWZJgFk8JS7iMb0AETa8zxGcxnQfJlNbowri9V9-tmsbV004vhAhgHbmkbTkZuH9L_YNdlwcCucb7vpb78-_6oM7Ca1ev-bxRWv26nZibZw3M43KuIv64-QyIVzWoyMO9EexqKhee8AdaLZv_gb9IKqsCOD-QWV8Fhg2ZGe4Wh1rJSEohJEyNJ_0NcJZQYiv84bU1tWkxPbuUCTL72nb" data-click-logging="{&quot;targetProductId&quot;:8969258347,&quot;targetVendorItemId&quot;:93227910183,&quot;targetItemId&quot;:26249365748,&quot;pageName&quot;:&quot;recommendation&quot;,&quot;domain&quot;:&quot;sdp&quot;,&quot;eventName&quot;:&quot;sdp_bottom_promotion&quot;}" data-adsplatform="{&quot;clickLogUri&quot;:&quot;https://mercury.coupang.com/e.gif?t=100&amp;r=IwK56ZrTDBhwxVP7I6CnWR9EGmNuSNPZrPO58EpsbzkTUW_rJfLdw2ibGUTxWpj7Dyku4Bab9LneR1KLgLNiyVPkU6yF-3HjLLc2fqPbBhxRvmWCkWZJgFk8JS7iMb0AETa8zxGcxnQfJlNbowri9V9-tmsbV004vhAhgHbmkbTkZuH9L_YNdlwcCucb7vpb78-_6oM7Ca1ev-bxRWv26nZibZw3M43KuIv64-QyIVzWoyMO9EexqKhee8AdaLZv_gb9IKqsCOD-QWV8Fhg2ZGe4Wh1rJSEohJEyNJ_0NcJZQYiv84bU1tWkxPbuUCTL72nb&quot;, &quot;impressionLogUri&quot;:&quot;https://mercury.coupang.com/e.gif?t=101&amp;r=gZZBE0gYAtUsk-xGgewFDoQpPt1TSy1v2Oevf2rvZo3RFsW8XuIfAXZdicP6TuqpP3plFYc9aeJKHoZB_OqM6BN1UREqZ8ceo2CgYK-jUzTj426J24vLi1-gSgD21c7rqCu0-6cVMCYb73EDr6n6NLP_VIL3kozABNaxNWgJyDPEOoJ7Fs9n_tyIjHPKPIBKKmh990SCip8R5O4KvOk9dSPPh9J7P_AvB-jij4gjn8Xe3Lv-76fBy-oGlEp_-fov9TmmrQWvUya5C6ucKs__52hEQYU9_i8PVFPsreRoWUxHrb-PWp1u3oNE49Sj2RYhyxw2P84iGSU%3D&quot;, &quot;viewImpression&quot;: &quot;https://mercury.coupang.com/e.gif?t=102&amp;r=Ek9NbE3ErlbqS9p_Esy5b1y3DwKEK38-bl2eMjcvhu5MGUixMyPk-G91017b2-eu4qTgpSmbzltOLQQUGmdfOCaRyPOSg2LAoqavBc9wbyY9uEoqXHjHnjHz0M5Pbv1JZPjGrKnBlg7vP4pbn_BI9ZLrPvVEkRhi4PltAreB8hSXy92hGVcfZqt5ZPzA9CRtY26HrrSl2tovhLAlwatD4momk_PsfS_EHMKbTn2eMpJmovj6aht-ntV5wO8ABe0IaRx4DnZlSjmKgy6Yqbv_wMu6QiNDaaIIOTbPRZCcr_TXgQJaQyqJKDoqG079t32fR5s%3D&quot; }" target="_blank" href="/vp/products/8969258347?vendorItemId=93227910183&amp;sourceType=sdp_bottom_promotion&amp;searchId=feed-b726b1da878744758573d07aa1c1d45c-3.3.107:gw_promotion" class="impression-logged"><div class="promotion-item-image"><img alt="&quot;BA&quot; 서해안에서 잡아올린 국내산 100% 전어 2025년 현재 매일 조업후 냉동 끌리는 이맛 구이용 전어, 1박스, 500g(8미내외)" loading="lazy" src="//thumbnail9.coupangcdn.com/thumbnails/remote/292x292q65ex/image/vendor_inventory/image_audit/stage/manual/58b01359f4728ef5c63536c7ab1bb17dff5d99c1c48ce22ab6164017b4ca_1754627600843.jpg"></div><div class="promotion-badge">특가진행중</div><div class="promotion-item-info-wrap"><div class="item-title">"BA" 서해안에서 잡아올린 국내산 100% 전어 2025년 현재 매일 조업후 냉동 끌리는 이맛 구이용 전어, 1박스, 500g(8미내외)</div><div class="discount-contain"><span class="discount-text">와우할인가</span><span class="discount-rate">30%</span><span class="origin-price">12,900</span></div><div class="promotion-item-price-contain"><span class="sales-price">8,910원</span></div><div class="unit-price">(100g 1,782원)</div><div class="pdd-text">모레(금) 도착 예정</div><div class="delivery-text">무료배송</div><div class="promotion-item-review"><span class="split-bg item-review-score-bg"><span class="item-review-score split-bg" style="width: 80%;">80%</span></span><span class="promotion-item-review-count">(30)</span></div><div class="stock_percent_contain"><div class="progress_contain"><div class="progress_position" style="width: 99%;"></div></div><div class="progress_text">99 % 남음</div></div></div></a></li><li class="promotion-carousel-item"><a data-vendor-item-id="92376866980" data-vendor-id="A01213118" data-product-id="8734611566" data-item-id="25382915351" data-tracking-tag="" data-impression-log-uri="https://mercury.coupang.com/e.gif?t=101&amp;r=wtZFmIQ6E1GIIYscwtB0P1oT-AlOmJCqJ2vIpQ9Pp_vxVeoCKNstSfKYt7_SuaLIzUqKlTz7bI9qjstSKtGzm6zBTGvSICPszXTEM5p4yvAwpvsC90pplALbvFUShiFfojoI9fQPz2k53tnX4qQT1urQLUD_xWUerd1vJb3Xxc5DlABi9heHm3TAJASlVuXh8kfHF_M70i8tvm4cYmdUSlP8ihe1CdNV1l4EJLFqtJ15B0aPRkbfYaJy-J2N9YlYAOl0JSSOH5txipx3W1Mq0hGvb6DCAR07-Gi6xGlYB_4r5wbK1t4HBM5H-Xi0uWAmIzOz_DQLXmA%3D" data-click-log-uri="https://mercury.coupang.com/e.gif?t=100&amp;r=8aOEpBAIXL_JzG9k8RSycUvaZeR4G645CgU2psw4lu8SH7N8SlBAoBV_uz8k-qkhYh8nvnxBu3dPoeGgaX7QZXU-210tp3YcgY1TsyN1JkH-hD-Ipw8iliLaKGhzVbm3LLqT5gGrSQ3cSdHFu50V13qmu675cHmAsvOYTWskuITYoxUKA_OYc8amjw_uyVnB61gM1TiAiP67jUvaZgmkiPXYKrNDNTUI9YJJKDLjQtDLxnEIr04RXcnS8J-OQSJkLBMNC6gkM60aZsMjPxee7ubbrmFLSO_2LZF_aYWhhtrf6ztgka3pach8XYDurhOuITJp" data-click-logging="{&quot;targetProductId&quot;:8734611566,&quot;targetVendorItemId&quot;:92376866980,&quot;targetItemId&quot;:25382915351,&quot;pageName&quot;:&quot;recommendation&quot;,&quot;domain&quot;:&quot;sdp&quot;,&quot;eventName&quot;:&quot;sdp_bottom_promotion&quot;}" data-adsplatform="{&quot;clickLogUri&quot;:&quot;https://mercury.coupang.com/e.gif?t=100&amp;r=8aOEpBAIXL_JzG9k8RSycUvaZeR4G645CgU2psw4lu8SH7N8SlBAoBV_uz8k-qkhYh8nvnxBu3dPoeGgaX7QZXU-210tp3YcgY1TsyN1JkH-hD-Ipw8iliLaKGhzVbm3LLqT5gGrSQ3cSdHFu50V13qmu675cHmAsvOYTWskuITYoxUKA_OYc8amjw_uyVnB61gM1TiAiP67jUvaZgmkiPXYKrNDNTUI9YJJKDLjQtDLxnEIr04RXcnS8J-OQSJkLBMNC6gkM60aZsMjPxee7ubbrmFLSO_2LZF_aYWhhtrf6ztgka3pach8XYDurhOuITJp&quot;, &quot;impressionLogUri&quot;:&quot;https://mercury.coupang.com/e.gif?t=101&amp;r=wtZFmIQ6E1GIIYscwtB0P1oT-AlOmJCqJ2vIpQ9Pp_vxVeoCKNstSfKYt7_SuaLIzUqKlTz7bI9qjstSKtGzm6zBTGvSICPszXTEM5p4yvAwpvsC90pplALbvFUShiFfojoI9fQPz2k53tnX4qQT1urQLUD_xWUerd1vJb3Xxc5DlABi9heHm3TAJASlVuXh8kfHF_M70i8tvm4cYmdUSlP8ihe1CdNV1l4EJLFqtJ15B0aPRkbfYaJy-J2N9YlYAOl0JSSOH5txipx3W1Mq0hGvb6DCAR07-Gi6xGlYB_4r5wbK1t4HBM5H-Xi0uWAmIzOz_DQLXmA%3D&quot;, &quot;viewImpression&quot;: &quot;https://mercury.coupang.com/e.gif?t=102&amp;r=YrR6G5O8hSwYWuUOYtP5rWuwosGR_IV4cGOJZWgSFca_6eXMVq4aX1Dnirk0COauS2Rc2C50tj8sQjigOx8tDyrNwX3rLv8aaj57jCeTKbFUBqoXt4febUp4tELFOJicJQ9w1ML9izrvSIs3YL4bU9yhBh-_Ocf9KsAozfDmgee1vLN0OyOPzhTwIJXDx8twmtwZcItndmVG36kX9J2Az0W0HuMUHuco-22XV71w-6-7yfHSZAIHLHSEg7MET3steZQf0Fa5PQErXbMN6nHXbFCUkYJ112-HgwGv98vmhHkH70N_R9aIxP1jiTCbQqLgXxo%3D&quot; }" target="_blank" href="/vp/products/8734611566?vendorItemId=92376866980&amp;sourceType=sdp_bottom_promotion&amp;searchId=feed-b726b1da878744758573d07aa1c1d45c-3.3.107:gw_promotion" class="impression-logged"><div class="promotion-item-image"><img alt="서건푸드 두절새우 건새우 (소), 1개, 300g" loading="lazy" src="//thumbnail4.coupangcdn.com/thumbnails/remote/292x292q65ex/image/vendor_inventory/0f4d/9ee7ef4caf90883c1407e465ba9f5029695818db6e9a66a3e880f04ea0d3.jpg"></div><div class="promotion-badge">특가진행중</div><div class="promotion-item-info-wrap"><div class="item-title">서건푸드 두절새우 건새우 (소), 1개, 300g</div><div class="discount-contain"><span class="discount-text">와우할인가</span><span class="discount-rate">34%</span><span class="origin-price">16,900</span></div><div class="promotion-item-price-contain"><span class="sales-price">11,130원</span></div><div class="unit-price">(100g 3,710원)</div><div class="pdd-text">모레(금) 도착 예정</div><div class="delivery-text">무료배송</div><div class="promotion-item-review"><span class="split-bg item-review-score-bg"><span class="item-review-score split-bg" style="width: 100%;">100%</span></span><span class="promotion-item-review-count">(188)</span></div><div class="stock_percent_contain"><div class="progress_contain"><div class="progress_position" style="width: 1%;"></div></div><div class="progress_text">1 % 남음</div></div></div></a></li><li class="promotion-carousel-item"><a data-vendor-item-id="79626740949" data-vendor-id="A00538725" data-product-id="6093985324" data-item-id="12356884210" data-tracking-tag="" data-impression-log-uri="https://mercury.coupang.com/e.gif?t=101&amp;r=nolCc2kEUEkeMnCDnvBQaGhtjgQxiwG0rmJp8Z9d6UgBeonVgPd99DHiJbEh6YLOCWv822VVxtBS67DGvjrlxnJ1aCcT2G6vTU7rAlmJo2PdWdVZoAGpRjNJ0eYrcaoQZAONrpujrb4xI-fRMkoj_m2ntC1QxxXnzLdsKBx0SRfZBVy9zCMk_mps7m3VWA5TCwkJAkHh7Ybg2HTX63uugn0AEu9GoTtrDGYXt-V4ToUloBBmCfrskV2B51p4LmJ7DWhjv3SGfKEuyada6EMo0GbYsHiJMgLaWXZLl8WfO8XCIeYTVUqUp8eR7bvlVsTXlxBhVy_tfiA%3D" data-click-log-uri="https://mercury.coupang.com/e.gif?t=100&amp;r=O-5werWXnh15dJSwO_AJGFBzwZsXcmQriBpyOUnFcm5d9PM4fx_bzDqA68peWm12YG2AIo4nfbC6fs0z8PlNgV5CCYy80DhCfgj3UBkcDL3-D4rxt4MsAlDh_HB6A1EF3eVJESYadafjzhxLly7gaXHCpVZyadWSK3w3rSR8cAro5yaaw3g5574lEE4IHaVgoM-ytk-SBxiNRt2wCDdSu8a7b8p10wYl54YtbscD0nEQ16uFi-p_F4qfkg7lRlEsLJK0rTKQ0a3dVqETXp282KXAddVP7yftPzJOW99XQ2SDB6IuoxJFKpQgMTFnJPKjYFFJ" data-click-logging="{&quot;targetProductId&quot;:6093985324,&quot;targetVendorItemId&quot;:79626740949,&quot;targetItemId&quot;:12356884210,&quot;pageName&quot;:&quot;recommendation&quot;,&quot;domain&quot;:&quot;sdp&quot;,&quot;eventName&quot;:&quot;sdp_bottom_promotion&quot;}" data-adsplatform="{&quot;clickLogUri&quot;:&quot;https://mercury.coupang.com/e.gif?t=100&amp;r=O-5werWXnh15dJSwO_AJGFBzwZsXcmQriBpyOUnFcm5d9PM4fx_bzDqA68peWm12YG2AIo4nfbC6fs0z8PlNgV5CCYy80DhCfgj3UBkcDL3-D4rxt4MsAlDh_HB6A1EF3eVJESYadafjzhxLly7gaXHCpVZyadWSK3w3rSR8cAro5yaaw3g5574lEE4IHaVgoM-ytk-SBxiNRt2wCDdSu8a7b8p10wYl54YtbscD0nEQ16uFi-p_F4qfkg7lRlEsLJK0rTKQ0a3dVqETXp282KXAddVP7yftPzJOW99XQ2SDB6IuoxJFKpQgMTFnJPKjYFFJ&quot;, &quot;impressionLogUri&quot;:&quot;https://mercury.coupang.com/e.gif?t=101&amp;r=nolCc2kEUEkeMnCDnvBQaGhtjgQxiwG0rmJp8Z9d6UgBeonVgPd99DHiJbEh6YLOCWv822VVxtBS67DGvjrlxnJ1aCcT2G6vTU7rAlmJo2PdWdVZoAGpRjNJ0eYrcaoQZAONrpujrb4xI-fRMkoj_m2ntC1QxxXnzLdsKBx0SRfZBVy9zCMk_mps7m3VWA5TCwkJAkHh7Ybg2HTX63uugn0AEu9GoTtrDGYXt-V4ToUloBBmCfrskV2B51p4LmJ7DWhjv3SGfKEuyada6EMo0GbYsHiJMgLaWXZLl8WfO8XCIeYTVUqUp8eR7bvlVsTXlxBhVy_tfiA%3D&quot;, &quot;viewImpression&quot;: &quot;https://mercury.coupang.com/e.gif?t=102&amp;r=_AeXenfelrWkxv0b_NiCZLef04FBEPDhl4tJ8kX_6KHTLXm1Ne8J2HeCNPPFoawZu7A6tvNwA6SSSlA3rGjol1TDqNSTNpgQFFe3NRHcY7VkvIGY-yu7sK8n75lOccynFgBnIPBL6ntg64s7dpANlcU3PeaSn7-dXjpLXUEuKFx0BET4Kmy9XGdDtTKnMr_IPP2r6-Vus8Q1fKiHOawGSkC0jBOeY9S0NnYqH_yfNaod0yjD-MIaLXWzoGhSUiMBdeDA1rV_JasCyLCvQOtvxyF_y7j00bIKJVUQnfsCw8SqnP4hEVEgUaqyqAI3FTcQZE8%3D&quot; }" target="_blank" href="/vp/products/6093985324?vendorItemId=79626740949&amp;sourceType=sdp_bottom_promotion&amp;searchId=feed-b726b1da878744758573d07aa1c1d45c-3.3.107:gw_promotion" class="impression-logged"><div class="promotion-item-image"><img alt="국내가공 고함량 구운 아귀포 최상급 무방부제, 150g, 2개" loading="lazy" src="//thumbnail1.coupangcdn.com/thumbnails/remote/292x292q65ex/image/vendor_inventory/a180/c4c95ddceb7f5a45eb8169056fd05e7bec65925d829078f78b5130f17a5f.jpg"></div><div class="promotion-badge">특가진행중</div><div class="promotion-item-info-wrap"><div class="item-title">국내가공 고함량 구운 아귀포 최상급 무방부제, 150g, 2개</div><div class="discount-contain"><span class="discount-text">와우할인가</span><span class="discount-rate">49%</span><span class="origin-price">23,250</span></div><div class="promotion-item-price-contain"><span class="sales-price">11,710원</span></div><div class="unit-price">(100g 3,903원)</div><div class="pdd-text">모레(금) 도착 예정</div><div class="delivery-text">무료배송</div><div class="promotion-item-review"><span class="split-bg item-review-score-bg"><span class="item-review-score split-bg" style="width: 90%;">90%</span></span><span class="promotion-item-review-count">(1,102)</span></div><div class="stock_percent_contain"><div class="progress_contain"><div class="progress_position" style="width: 51%;"></div></div><div class="progress_text">51 % 남음</div></div></div></a></li><li class="promotion-carousel-item"><a data-vendor-item-id="75311800605" data-vendor-id="A00082125" data-product-id="5387450245" data-item-id="8023101488" data-tracking-tag="" data-impression-log-uri="https://mercury.coupang.com/e.gif?t=101&amp;r=m4UzlnWt9MiqOoxUmzquJJCq8ikC664lRohMj78sIwuy0vTE_hS8_rb9svdRqi7WBDZjGnWUFATZw3VbkIrGlm_S81llJbj4ePtDAYNJymUZ9OySCqmUIdBheVYSVIT8fIEbYP3_rgIbe5f__aQfjH9W6EHK07lKQc_NhJ7Q-tksvoU8HlWqi886A6D2_K327pvfWbwETHjYNakvvor8_OOO6sGnvGsM2JBkfE8MvVrestSgJsYwNnJOhD3KqMDzVfhzhGmNDa5kVTAfp9jX4ArEwOxhCPkoOChAL5GXqrnNmY-QDpY-Ij7Bz4C4zZLwOZkI9cqquAI%3D" data-click-log-uri="https://mercury.coupang.com/e.gif?t=100&amp;r=ycONG5qbYiP9_yDUyT92Ut54YBRs-xTFwUCvrjHwWP-pYYJMhnIzBCMywSj5fUlFa3FDPHJzzPpMbsI2dLodBg47Qq9g4ecTLXg8f0-zUo--5E3xJTMX1WQVbsZOItJLY5UcZgUtFjnWp3WlDLZL0wAGX-6ZOQ5lkAjc4xKMLneEkV9FrZBJ8OKHg7ui0rUloKnIeeyDBwE7oNcb1DbyuuqUIH4SQ3edkEdl0cKH5AS00FCKAR6YfT61gsPlC6iZpaSOPiBsCvbfTbrW-YQsSP8zRSe9Owr-5-wTMxfP3g6q_gJDKr5PK9n2gtLJVBHVcCBr" data-click-logging="{&quot;targetProductId&quot;:5387450245,&quot;targetVendorItemId&quot;:75311800605,&quot;targetItemId&quot;:8023101488,&quot;pageName&quot;:&quot;recommendation&quot;,&quot;domain&quot;:&quot;sdp&quot;,&quot;eventName&quot;:&quot;sdp_bottom_promotion&quot;}" data-adsplatform="{&quot;clickLogUri&quot;:&quot;https://mercury.coupang.com/e.gif?t=100&amp;r=ycONG5qbYiP9_yDUyT92Ut54YBRs-xTFwUCvrjHwWP-pYYJMhnIzBCMywSj5fUlFa3FDPHJzzPpMbsI2dLodBg47Qq9g4ecTLXg8f0-zUo--5E3xJTMX1WQVbsZOItJLY5UcZgUtFjnWp3WlDLZL0wAGX-6ZOQ5lkAjc4xKMLneEkV9FrZBJ8OKHg7ui0rUloKnIeeyDBwE7oNcb1DbyuuqUIH4SQ3edkEdl0cKH5AS00FCKAR6YfT61gsPlC6iZpaSOPiBsCvbfTbrW-YQsSP8zRSe9Owr-5-wTMxfP3g6q_gJDKr5PK9n2gtLJVBHVcCBr&quot;, &quot;impressionLogUri&quot;:&quot;https://mercury.coupang.com/e.gif?t=101&amp;r=m4UzlnWt9MiqOoxUmzquJJCq8ikC664lRohMj78sIwuy0vTE_hS8_rb9svdRqi7WBDZjGnWUFATZw3VbkIrGlm_S81llJbj4ePtDAYNJymUZ9OySCqmUIdBheVYSVIT8fIEbYP3_rgIbe5f__aQfjH9W6EHK07lKQc_NhJ7Q-tksvoU8HlWqi886A6D2_K327pvfWbwETHjYNakvvor8_OOO6sGnvGsM2JBkfE8MvVrestSgJsYwNnJOhD3KqMDzVfhzhGmNDa5kVTAfp9jX4ArEwOxhCPkoOChAL5GXqrnNmY-QDpY-Ij7Bz4C4zZLwOZkI9cqquAI%3D&quot;, &quot;viewImpression&quot;: &quot;https://mercury.coupang.com/e.gif?t=102&amp;r=ffuWrRaa9nxALufkfSLq-Ib27pifNsB8CNgzFbRanM1Sjybm88mYudqpZUg2vdanEZk0oTM1lQ-Kh0bU88Y0Z_aD49F_s12iKxF0AxGLmZUCgYfx0saOA-dd_0aFLbMnlaNmjIfqqR-wpzs1KBpTbZ8Bqxvb6_RmTfE40fVSZ4gyiY8YKRdUs5Aru9YDCqF6rfRMZrLk02IQIL8Zeyntd2r1csYVcq0YBeqeqWeq_bCRsE_pykb3bzvMtU8i-J9EXnr03GMxj3qjmLYnQIB8H2jTrH5aXLyIqDa5By3WQNg5d8AC-F6U2MjU7-sRHBeeP6I%3D&quot; }" target="_blank" href="/vp/products/5387450245?vendorItemId=75311800605&amp;sourceType=sdp_bottom_promotion&amp;searchId=feed-b726b1da878744758573d07aa1c1d45c-3.3.107:gw_promotion" class="impression-logged"><div class="promotion-item-image"><img alt="울돌목 고급 참쥐포 대 1kg 45장~50장 쥐포 대용량, 1개" loading="lazy" src="//thumbnail3.coupangcdn.com/thumbnails/remote/292x292q65ex/image/vendor_inventory/e908/259b69cbcfac03fd263899e4d7cc1b43cd056c007f33bf5a504dd7f2f394.jpg"></div><div class="promotion-badge">특가진행중</div><div class="promotion-item-info-wrap"><div class="item-title">울돌목 고급 참쥐포 대 1kg 45장~50장 쥐포 대용량, 1개</div><div class="discount-contain"><span class="discount-text">와우할인가</span><span class="discount-rate">10%</span><span class="origin-price">23,800</span></div><div class="promotion-item-price-contain"><span class="sales-price">21,200원</span></div><div class="unit-price">(100g 2,120원)</div><div class="pdd-text">모레(금) 도착 예정</div><div class="delivery-text">무료배송</div><div class="promotion-item-review"><span class="split-bg item-review-score-bg"><span class="item-review-score split-bg" style="width: 90%;">90%</span></span><span class="promotion-item-review-count">(801)</span></div><div class="stock_percent_contain"><div class="progress_contain"><div class="progress_position" style="width: 97%;"></div></div><div class="progress_text">97 % 남음</div></div></div></a></li></ul></div></div><a href="javascript:throw new Error('React has blocked a javascript: URL as a security precaution.')" class="promotion-carousel-arrow-button prev" title="이전 상품 보기" style="display: none;">이전 상품 보기</a><a href="javascript:throw new Error('React has blocked a javascript: URL as a security precaution.')" class="promotion-carousel-arrow-button next" title="다음 상품 보기" style="display: block;">다음 상품 보기</a></div></div></div></div><div class="twc-sticky twc-z-50 twc-top-0 twc-flex twc-mt-[50px] twc-cursor-pointer twc-border-t-2 twc-border-t-[#555] twc-font-bold twc-text-[#555] twc-text-[16px] twc-leading-[19px] twc-w-[100vw] md:twc-w-[100%] twc-ml-[-16px] md:twc-ml-[0] "><a class="twc-pt-[12px] md:twc-pt-[15px] twc-break-all twc-px-[10px] md:twc-px-[20px] twc-pb-[14px] twc-basis-[25%] twc-flex twc-justify-center twc-border twc-border-t-0 twc-border-[#ccc] twc-border-l-0 first:twc-border-l twc-bg-[#fafafa]">상품상세</a><a class="twc-pt-[12px] md:twc-pt-[15px] twc-break-all twc-px-[10px] md:twc-px-[20px] twc-pb-[14px] twc-basis-[25%] twc-flex twc-justify-center twc-border twc-border-t-0 twc-border-[#ccc] twc-border-l-0 first:twc-border-l twc-bg-[#fafafa]">상품평<!-- --> (<!-- -->30<!-- -->)</a><a class="twc-pt-[12px] md:twc-pt-[15px] twc-break-all twc-px-[10px] md:twc-px-[20px] twc-pb-[14px] twc-basis-[25%] twc-flex twc-justify-center twc-border twc-border-t-0 twc-border-[#ccc] twc-border-l-0 first:twc-border-l twc-bg-[#fafafa]">상품문의</a><a class="twc-pt-[12px] md:twc-pt-[15px] twc-break-all twc-px-[10px] md:twc-px-[20px] twc-pb-[14px] twc-basis-[25%] twc-flex twc-justify-center twc-border twc-border-t-0 twc-border-[#ccc] twc-border-l-0 first:twc-border-l twc-bg-[#fafafa]">배송/교환/반품 안내</a></div><div data-value="detail" class="twc-scroll-mt-[49px]"><div id="itemBrief" class="twc-pt-[30px] twc-mb-[30px]"><p class="twc-pb-[10px] twc-text-[calc(var(--adjust-font-size)+14px)] twc-font-[700]">필수 표기 정보</p><table class="twc-w-full twc-border-[#eee] twc-border-b-[1px] twc-border-t-[1px] twc-border-solid  twc-text-[calc(var(--adjust-font-size)+1em)] twc-m-[0] twc-table-fixed twc-font-[sans-serif]"><tbody><tr><td class="twc-p-[12px_16px] twc-border-b-[1px_solid_#eee] twc-bg-[#fafafa] twc-text-[#111] twc-font-[700] twc-text-[calc(var(--adjust-font-size)+12px)] twc-overflow-hidden twc-text-left twc-border-b-[#eee] twc-border-solid twc-border-b-[1px]" width="150px">품목 또는 명칭</td><td class="twc-whitespace-normal twc-break-all twc-p-[12px_16px] twc-text-[#333] twc-border-b-[#eee] twc-border-solid twc-border-b-[1px] twc-leading-[1.5] twc-text-[calc(var(--adjust-font-size)+12px)]" colspan="1" width="calc(50% - 150px)">삼시세끼연구소 최북단 연평도 조업 살이 단단한 25년 햇꽃게 활 꽃게 숫꽃게 생물</td><td class="twc-p-[12px_16px] twc-border-b-[1px_solid_#eee] twc-bg-[#fafafa] twc-text-[#111] twc-font-[700] twc-text-[calc(var(--adjust-font-size)+12px)] twc-overflow-hidden twc-text-left twc-border-b-[#eee] twc-border-solid twc-border-b-[1px]" width="150px">포장단위별 내용물의 용량(중량),수량,크기</td><td class="twc-whitespace-normal twc-break-all twc-p-[12px_16px] twc-text-[#333] twc-border-b-[#eee] twc-border-solid twc-border-b-[1px] twc-leading-[1.5] twc-text-[calc(var(--adjust-font-size)+12px)]" colspan="1" width="calc(50% - 150px)">상품 상세페이지 참조</td></tr><tr><td class="twc-p-[12px_16px] twc-border-b-[1px_solid_#eee] twc-bg-[#fafafa] twc-text-[#111] twc-font-[700] twc-text-[calc(var(--adjust-font-size)+12px)] twc-overflow-hidden twc-text-left twc-border-b-[#eee] twc-border-solid twc-border-b-[1px]" width="150px">생산자(수입자)</td><td class="twc-whitespace-normal twc-break-all twc-p-[12px_16px] twc-text-[#333] twc-border-b-[#eee] twc-border-solid twc-border-b-[1px] twc-leading-[1.5] twc-text-[calc(var(--adjust-font-size)+12px)]" colspan="1" width="calc(50% - 150px)">삼시세끼연구소 계약 수산 협력사</td><td class="twc-p-[12px_16px] twc-border-b-[1px_solid_#eee] twc-bg-[#fafafa] twc-text-[#111] twc-font-[700] twc-text-[calc(var(--adjust-font-size)+12px)] twc-overflow-hidden twc-text-left twc-border-b-[#eee] twc-border-solid twc-border-b-[1px]" width="150px">원산지</td><td class="twc-whitespace-normal twc-break-all twc-p-[12px_16px] twc-text-[#333] twc-border-b-[#eee] twc-border-solid twc-border-b-[1px] twc-leading-[1.5] twc-text-[calc(var(--adjust-font-size)+12px)]" colspan="1" width="calc(50% - 150px)">국내산(연평도 100%)</td></tr><tr><td class="twc-p-[12px_16px] twc-border-b-[1px_solid_#eee] twc-bg-[#fafafa] twc-text-[#111] twc-font-[700] twc-text-[calc(var(--adjust-font-size)+12px)] twc-overflow-hidden twc-text-left twc-border-b-[#eee] twc-border-solid twc-border-b-[1px]" width="150px">제조연월일, 소비기한 또는 품질유지기한</td><td class="twc-whitespace-normal twc-break-all twc-p-[12px_16px] twc-text-[#333] twc-border-b-[#eee] twc-border-solid twc-border-b-[1px] twc-leading-[1.5] twc-text-[calc(var(--adjust-font-size)+12px)]" colspan="1" width="calc(50% - 150px)">상품 상세페이지 참조</td><td class="twc-p-[12px_16px] twc-border-b-[1px_solid_#eee] twc-bg-[#fafafa] twc-text-[#111] twc-font-[700] twc-text-[calc(var(--adjust-font-size)+12px)] twc-overflow-hidden twc-text-left twc-border-b-[#eee] twc-border-solid twc-border-b-[1px]" width="150px">세부 품목군별 표시사항</td><td class="twc-whitespace-normal twc-break-all twc-p-[12px_16px] twc-text-[#333] twc-border-b-[#eee] twc-border-solid twc-border-b-[1px] twc-leading-[1.5] twc-text-[calc(var(--adjust-font-size)+12px)]" colspan="1" width="calc(50% - 150px)">상품 상세페이지 참조</td></tr></tbody></table><div class="twc-w-[100%] twc-p-[12px_0] twc-text-center twc-border-b-[1px_solid_#eee] twc-flex twc-items-center twc-justify-center"><div class="twc-text-[calc(var(--adjust-font-size)+14px)] twc-font-[700] twc-text-[#346add] twc-flex twc-items-center twc-justify-center twc-cursor-pointer"><span>필수 표기 정보 더보기</span><span class="twc-indent-[-9999px] twc-ml-[8px] twc-align-top twc-relative twc-top-[6px] twc-w-[12px] twc-h-[17px] twc-bg-no-repeat twc-bg-[url('//img1a.coupangcdn.com/image/dragonstone/sdp/PCSDP_imageasset_171215-min.png')] twc-bg-[-395px_-231px]">더보기</span></div></div></div><div class="twc-p-[18px_16px] twc-bg-[#fce9e6] twc-rounded-[4px] twc-text-[#e12705] twc-flex twc-mb-[16px] twc-items-center"><span class="twc-flex-shrink-0 twc-mb-[4px] twc-h-[16px] twc-w-[16px] twc-align-middle twc-bg-cover twc-bg-[url('data:image/svg+xml;base64,PHN2ZyB4bWxucz0iaHR0cDovL3d3dy53My5vcmcvMjAwMC9zdmciIHdpZHRoPSIyNCIgaGVpZ2h0PSIyNCIgdmlld0JveD0iMCAwIDI0IDI0Ij4KICAgIDxnIGZpbGw9Im5vbmUiIGZpbGwtcnVsZT0iZXZlbm9kZCI+CiAgICAgICAgPHBhdGggZmlsbD0iI0ZGRiIgZmlsbC1vcGFjaXR5PSIwIiBkPSJNMCAyNEwyNCAyNCAyNCAwIDAgMHoiLz4KICAgICAgICA8cGF0aCBmaWxsPSIjRTEyNzA1IiBmaWxsLXJ1bGU9Im5vbnplcm8iIGQ9Ik0xMiAwYzMuMjA1IDAgNi4yMTkgMS4yNDggOC40ODUgMy41MTVDMjIuNzUyIDUuNzggMjQgOC43OTUgMjQgMTJjMCAzLjIwNS0xLjI0OCA2LjIxOS0zLjUxNSA4LjQ4NUMxOC4yMiAyMi43NTIgMTUuMjA1IDI0IDEyIDI0Yy0zLjIwNSAwLTYuMjE5LTEuMjQ4LTguNDg1LTMuNTE1QzEuMjQ4IDE4LjIyIDAgMTUuMjA1IDAgMTJjMC0zLjIwNSAxLjI0OC02LjIxOSAzLjUxNS04LjQ4NUM1Ljc4IDEuMjQ4IDguNzk1IDAgMTIgMHptMCAxNi41Yy0uNjkgMC0xLjI1LjU2LTEuMjUgMS4yNVMxMS4zMSAxOSAxMiAxOXMxLjI1LS41NiAxLjI1LTEuMjUtLjU2LTEuMjUtMS4yNS0xLjI1ek0xMi4wMjUgNWMtLjU1MiAwLTEgLjQ0OC0xIDF2OGwuMDA3LjExN2MuMDU3LjQ5Ny40OC44ODMuOTkzLjg4My41NTIgMCAxLS40NDggMS0xVjZsLS4wMDctLjExN2MtLjA1Ny0uNDk3LS40OC0uODgzLS45OTMtLjg4M3oiLz4KICAgIDwvZz4KPC9zdmc+Cg==')]"></span><span class="twc-text-[16px] twc-leading-[20px] twc-pl-[8px]">판매자가 현금거래를 요구하면 거부하시고 즉시 사기 거래 신고센터 (1670-9832)에 신고하시기 바랍니다.</span></div><div class="product-detail-content hide-overflow product-detail-content-new"><div class="product-detail-content-inside"><div class="vendor-item"><div class="type-HTML"><div class="subType-TEXT"><p style="text-align:center"><strong><span style="font-size:14pt">[인상 없이 특대 사이즈 변경 출고]</span></strong></p> <p style="text-align:center">고객님 성원에 힘입어</p> <p style="text-align:center">10일 오전 9시 이후 주문건부터</p> <p style="text-align:center">1kg 4~6미 중소 사이즈 꽃게 대신</p> <p style="text-align:center">1kg 2~3미 대 사이즈를 보내드립니다.</p> <p style="text-align:center">가격은 올리지 않겠습니다.</p> <p style="text-align:center">만족도 95%가 넘는</p> <p style="text-align:center">1kg 2~3미 급 최상품은</p> <p style="text-align:center">이곳에서만 구하실 수 있습니다.</p></div></div><div class="type-IMAGE_NO_SPACE"><div class="subType-IMAGE with-width-780"><img width="100%" alt="" loading="lazy" src="//thumbnail.coupangcdn.com/thumbnails/remote/q89/image/vendor_inventory/ef4b/3ea72aefc3d77f8c26cbb2167cfc498a32c1f253bddbb6eb22d85d37246b.png"></div></div><div class="type-IMAGE_NO_SPACE"><div class="subType-IMAGE with-width-780"><img width="100%" alt="" loading="lazy" src="//thumbnail.coupangcdn.com/thumbnails/remote/q89/image/vendor_inventory/4ea7/e67fa7809e3b6fa6cac18ed05fd625ea4d233f9ab070a68177d57b30761d.png"></div></div><div class="type-IMAGE_NO_SPACE"><div class="subType-IMAGE with-width-780"><img width="100%" alt="" loading="lazy" src="//thumbnail.coupangcdn.com/thumbnails/remote/q89/image/vendor_inventory/cf8d/0621d0b834af58c779b2eaf6f06882174265a7fc2eb7816d2cde962d0371.png"></div></div><div class="type-IMAGE_NO_SPACE"><div class="subType-IMAGE with-width-780"><img width="100%" alt="" loading="lazy" src="//thumbnail.coupangcdn.com/thumbnails/remote/q89/image/vendor_inventory/911f/b1abfcae4d05eaaa3b2c3bb86e59631635864559bd7a2cdc12a15eaadb6c.png"></div></div><div class="type-IMAGE_NO_SPACE"><div class="subType-IMAGE with-width-780"><img width="100%" alt="" loading="lazy" src="//thumbnail.coupangcdn.com/thumbnails/remote/q89/image/vendor_inventory/d9fd/f2826d0f4440d28a96b369041653dd83704025c43d0ffc76f5f9d6638ca8.png"></div></div><div class="type-IMAGE_NO_SPACE"><div class="subType-IMAGE with-width-780"><img width="100%" alt="" loading="lazy" src="//thumbnail.coupangcdn.com/thumbnails/remote/q89/image/vendor_inventory/f247/afdbbcaafaa6a776d03183eaa6535a9f9f8cbd85c5c8bc1d8118ff79aa71.png"></div></div><div class="type-IMAGE_NO_SPACE"><div class="subType-IMAGE with-width-780"><img width="100%" alt="" loading="lazy" src="//thumbnail.coupangcdn.com/thumbnails/remote/q89/image/vendor_inventory/c605/c552a6fe0f64f408b3c7062b867674df6b0e11eeb965f5599db88e56de45.png"></div></div><div class="type-IMAGE_NO_SPACE"><div class="subType-IMAGE with-width-780"><img width="100%" alt="" loading="lazy" src="//thumbnail.coupangcdn.com/thumbnails/remote/q89/image/vendor_inventory/c528/95cf22a9ca6280ebbb1e99087b4c4f31881e0c93fa1bc18d0525b2ab9d70.png"></div></div><div class="type-IMAGE_NO_SPACE"><div class="subType-IMAGE with-width-780"><img width="100%" alt="" loading="lazy" src="//thumbnail.coupangcdn.com/thumbnails/remote/q89/image/vendor_inventory/a812/464e5720fc6b41227ab4a1aef7bdf42421cf890ca54b2427df7ed1238eda.png"></div></div><div class="type-IMAGE_NO_SPACE"><div class="subType-IMAGE with-width-780"><img width="100%" alt="" loading="lazy" src="//thumbnail.coupangcdn.com/thumbnails/remote/q89/image/vendor_inventory/72c4/139a74592eb3aa9f345430f91394eec49513036644f5625c6df8d88c35b5.png"></div></div><div class="type-IMAGE_NO_SPACE"><div class="subType-IMAGE with-width-780"><img width="100%" alt="" loading="lazy" src="//thumbnail.coupangcdn.com/thumbnails/remote/q89/image/vendor_inventory/ec5a/1b6d47415c57bccd604046a26d697395b13e8ac341e4c16c08010929a655.png"></div></div><div class="type-IMAGE_NO_SPACE"><div class="subType-IMAGE with-width-780"><img width="100%" alt="" loading="lazy" src="//thumbnail.coupangcdn.com/thumbnails/remote/q89/image/vendor_inventory/c21f/5712f8326c40200d57de49def66f3e04dfa87a60c76282a418cdd958b68a.png"></div></div><div class="type-IMAGE_NO_SPACE"><div class="subType-IMAGE with-width-780"><img width="100%" alt="" loading="lazy" src="//thumbnail.coupangcdn.com/thumbnails/remote/q89/image/vendor_inventory/b46a/e986081f88ff4b9aed5faf044f4b87e8b0b1093a4162a54bee95f24dd29f.png"></div></div><div class="type-IMAGE_NO_SPACE"><div class="subType-IMAGE with-width-780"><img width="100%" alt="" loading="lazy" src="//thumbnail.coupangcdn.com/thumbnails/remote/q89/image/vendor_inventory/8f9b/3fa4a626f29ce8f711e1add99c6a86eb2a774e405a2831cad9799873f22f.png"></div></div><div class="type-IMAGE_NO_SPACE"><div class="subType-IMAGE with-width-780"><img width="100%" alt="" loading="lazy" src="//thumbnail.coupangcdn.com/thumbnails/remote/q89/image/vendor_inventory/f25d/d252b17a7753bcde3e21f6bbea6c5c2b6c7f360b89b37f58c70a4ace0490.png"></div></div><div class="type-IMAGE_NO_SPACE"><div class="subType-IMAGE with-width-780"><img width="100%" alt="" loading="lazy" src="//thumbnail.coupangcdn.com/thumbnails/remote/q89/image/vendor_inventory/fc0d/7e4ec5c7a901fbbe4a4dcf9f7a584912e1f62cc65ceaddf3a0c3e9390260.png"></div></div><div class="type-IMAGE_NO_SPACE"><div class="subType-IMAGE with-width-780"><img width="100%" alt="" loading="lazy" src="//thumbnail.coupangcdn.com/thumbnails/remote/q89/image/vendor_inventory/f4ed/3ec59404641a942353bedb2bad0105f3ba141b44860cd740cc6e3624bddf.png"></div></div><div class="type-IMAGE_NO_SPACE"><div class="subType-IMAGE with-width-780"><img width="100%" alt="" loading="lazy" src="//thumbnail.coupangcdn.com/thumbnails/remote/q89/image/vendor_inventory/5c39/3ef9473d07d10b09311df013c61288123cf1c4b889e0bd1ade9d90908bb5.png"></div></div><div class="type-IMAGE_NO_SPACE"><div class="subType-IMAGE with-width-780"><img width="100%" alt="" loading="lazy" src="//thumbnail.coupangcdn.com/thumbnails/remote/q89/image/vendor_inventory/ab60/43be57decd40ad6d73b6ca1db241997e65cc7c73bd62b187a11db6538c42.png"></div></div><div class="type-IMAGE_NO_SPACE"><div class="subType-IMAGE with-width-780"><img width="100%" alt="" loading="lazy" src="//thumbnail.coupangcdn.com/thumbnails/remote/q89/image/vendor_inventory/9c56/e278b3027d0a0fd4827e6dc654671924c89e70560eafd96d90c923d65226.png"></div></div><div class="type-IMAGE_NO_SPACE"><div class="subType-IMAGE with-width-780"><img width="100%" alt="" loading="lazy" src="//thumbnail.coupangcdn.com/thumbnails/remote/q89/image/vendor_inventory/157d/8ffeaaf8f27fe3d81adc70d501e60908f7c3052db9b440d657cd8317165c.png"></div></div><div class="type-IMAGE_NO_SPACE"><div class="subType-IMAGE with-width-780"><img width="100%" alt="" loading="lazy" src="//thumbnail.coupangcdn.com/thumbnails/remote/q89/image/vendor_inventory/db58/1d660bb4b19555128f795382c214fe22f4643602f58f821e3ce282aabbf8.png"></div></div><div class="type-IMAGE_NO_SPACE"><div class="subType-IMAGE with-width-780"><img width="100%" alt="" loading="lazy" src="//thumbnail.coupangcdn.com/thumbnails/remote/q89/image/vendor_inventory/50d1/52a9356156b4cce604c8fe8aec394039636c2aab3d7c26949273473b9b4d.png"></div></div><div class="type-IMAGE_NO_SPACE"><div class="subType-IMAGE with-width-780"><img width="100%" alt="" loading="lazy" src="//thumbnail.coupangcdn.com/thumbnails/remote/q89/image/vendor_inventory/21dc/50cafa07a09f9635d70f24d8f85079f267e1ca708cc027a9dbd2262538b0.png"></div></div><div class="type-IMAGE_NO_SPACE"><div class="subType-IMAGE with-width-780"><img width="100%" alt="" loading="lazy" src="//thumbnail.coupangcdn.com/thumbnails/remote/q89/image/vendor_inventory/6486/e051b46809378c37c8ac128e222b537f83e54413debd9fd3bb7d102ff438.png"></div></div><div class="type-IMAGE_NO_SPACE"><div class="subType-IMAGE with-width-780"><img width="100%" alt="" loading="lazy" src="//thumbnail.coupangcdn.com/thumbnails/remote/q89/image/vendor_inventory/3da4/31c5581a0b1a969eb2d5a16b2bfb669a5ba83d114513f51f4893a2d2de44.png"></div></div><div class="type-IMAGE_NO_SPACE"><div class="subType-IMAGE with-width-780"><img width="100%" alt="" loading="lazy" src="//thumbnail.coupangcdn.com/thumbnails/remote/q89/image/vendor_inventory/b2ea/215c67f330cf51df637c5d50ee4ef8e1fce35f34f0cc4f58e1f66447aeca.png"></div></div><div class="type-IMAGE_NO_SPACE"><div class="subType-IMAGE with-width-780"><img width="100%" alt="" loading="lazy" src="//thumbnail.coupangcdn.com/thumbnails/remote/q89/image/vendor_inventory/0d62/7b59d2c5cad45ac2ec7c3d3466aea9f9af6e812a60a0707b8e65bc039a35.png"></div></div><div class="type-IMAGE_NO_SPACE"><div class="subType-IMAGE with-width-780"><img width="100%" alt="" loading="lazy" src="//thumbnail.coupangcdn.com/thumbnails/remote/q89/image/vendor_inventory/3b56/d32e5a13e53ab91f84f30d2d9d2f01973874fbb7f5ad6deb8dc8f30da6ba.png"></div></div><div class="type-IMAGE_NO_SPACE"><div class="subType-IMAGE with-width-780"><img width="100%" alt="" loading="lazy" src="//thumbnail.coupangcdn.com/thumbnails/remote/q89/image/vendor_inventory/8e40/6aea367fd1aa450584a362522740355bfe3e83b930cfc737ea72015085d2.png"></div></div><div class="type-IMAGE_NO_SPACE"><div class="subType-IMAGE with-width-780"><img width="100%" alt="" loading="lazy" src="//thumbnail.coupangcdn.com/thumbnails/remote/q89/image/vendor_inventory/a9a2/9aeb1826ee10ee7b591106594dc8d065b9b72cabbc62baca2935225546bc.png"></div></div><div class="type-IMAGE_NO_SPACE"><div class="subType-IMAGE with-width-780"><img width="100%" alt="" loading="lazy" src="//thumbnail.coupangcdn.com/thumbnails/remote/q89/image/vendor_inventory/bfa2/bb7fef58a1704380f92e63aba6073a92eebcda18f9c024e67e8f6c53f896.png"></div></div><div class="type-IMAGE_NO_SPACE"><div class="subType-IMAGE with-width-780"><img width="100%" alt="" loading="lazy" src="//thumbnail.coupangcdn.com/thumbnails/remote/q89/image/vendor_inventory/526c/20b1352cfcfe15c57dad0b1490eacd2e6b0fd179395fcf13b17409db849b.png"></div></div><div class="type-IMAGE_NO_SPACE"><div class="subType-IMAGE with-width-780"><img width="100%" alt="" loading="lazy" src="//thumbnail.coupangcdn.com/thumbnails/remote/q89/image/vendor_inventory/66db/9b2f47b3a5e499f5eca3c9b68ece641e15d6ac8b0205feca6e113cba5e23.png"></div></div><div class="type-IMAGE_NO_SPACE"><div class="subType-IMAGE with-width-780"><img width="100%" alt="" loading="lazy" src="//thumbnail.coupangcdn.com/thumbnails/remote/q89/image/vendor_inventory/5f71/36bc10de15327110a6a8fd9ee6cbb276ba05fac8e6d3a4d538cd6c850eac.png"></div></div></div></div><div class="product-detail-seemore"><div class="product-detail-seemore-btn"><h4>상품정보 더보기</h4></div></div></div><div class="also-view twc-max-w-[1020px] twc-my-0 twc-mx-auto"><div class="twc-flex twc-items-center twc-justify-between twc-pb-[20px] twc-pt-[40px]"><h2 class="twc-font-[700] twc-text-[#212B36] twc-text-[18px] twc-leading-[21px]">다른 고객이 함께 본 상품</h2><div class="twc-flex twc-items-center twc-justify-center max-[600px]:twc-hidden"><span class="twc-text-[#131516] twc-text-[16px] twc-font-[700] twc-leading-[19px]">1</span><span class="twc-text-[#131516] twc-text-[16px] twc-font-[400] twc-leading-[19px]">/4</span></div></div><div class="twc-relative"><div class="twc-w-[100%] twc-overflow-hidden twc-m-[0_auto]" style="width: 700px;"><div class="twc-flex twc-w-[max-content] max-[600px]:twc-overflow-auto max-[600px]:twc-w-[100%] max-[600px]:twc-relative" style="transform: translateX(0px);"><div class="also-view-product"><a href="//www.coupang.com/vp/products/8778190055?vendorItemId=92517862378&amp;sourceType=SDP_ALSO_VIEWED" target="_blank" rel="noopener noreferrer" title="국내산 태안 신진도 제철 2025년 숫꽃게 1kg 2kg 3kg 4kg 5kg, 1개"><img alt="국내산 태안 신진도 제철 2025년 숫꽃게 1kg 2kg 3kg 4kg 5kg, 1개" loading="lazy" width="165" height="165" decoding="async" data-nimg="1" class="also-bought-product-img" src="https://thumbnail.coupangcdn.com/thumbnails/remote/320x320ex/image/vendor_inventory/1cce/727100ef64e59e6dd8569c94ebe32ef9f535c91d299f0202f147c58a5e14.jpg" style="color: transparent;"><strong class="twc-pt-[8px] twc-text-[calc(var(--adjust-font-size)+12px)] twc-text-[#111] twc-font-[400] twc-line-clamp-2 twc-overflow-hidden">국내산 태안 신진도 제철 2025년 숫꽃게 1kg 2kg 3kg 4kg 5kg, 1개</strong><div class="also-bought-price"><span class="price"><span class="twc-font-[700] twc-text-[14px]">37,900</span>원</span><div class="rl-item__unit-price">(100g당 1,263원)</div><div class="rl-item__review"><span class="rl-item__review-score-bg"><span class="rl-item__review-score" style="width: 80%;"><em>80%</em></span></span><span class="rl-item__review-count">(40)</span></div></div></a></div><div class="also-view-product"><a href="//www.coupang.com/vp/products/7536147202?vendorItemId=86911945281&amp;sourceType=SDP_ALSO_VIEWED" target="_blank" rel="noopener noreferrer" title="당일조업 태안 신진도 빙장 활 숫꽃게, 1개, 2kg (6~10미)"><img alt="당일조업 태안 신진도 빙장 활 숫꽃게, 1개, 2kg (6~10미)" loading="lazy" width="165" height="165" decoding="async" data-nimg="1" class="also-bought-product-img" src="https://thumbnail.coupangcdn.com/thumbnails/remote/320x320ex/image/vendor_inventory/21bd/276552e4f6234580b309b9ca724ccda092683b68e5576b403c6b97707d96.jpg" style="color: transparent;"><strong class="twc-pt-[8px] twc-text-[calc(var(--adjust-font-size)+12px)] twc-text-[#111] twc-font-[400] twc-line-clamp-2 twc-overflow-hidden">당일조업 태안 신진도 빙장 활 숫꽃게, 1개, 2kg (6~10미)</strong><div class="also-bought-price"><span class="price"><span class="twc-font-[700] twc-text-[14px]">26,900</span>원</span><div class="rl-item__unit-price">(100g당 1,345원)</div><div class="rl-item__review"><span class="rl-item__review-score-bg"><span class="rl-item__review-score" style="width: 90%;"><em>90%</em></span></span><span class="rl-item__review-count">(2,566)</span></div></div></a></div><div class="also-view-product"><a href="//www.coupang.com/vp/products/8620635053?vendorItemId=92015063471&amp;sourceType=SDP_ALSO_VIEWED" target="_blank" rel="noopener noreferrer" title="국내산 연평도 특품 급냉 절단 암꽃게, 1개, 1kg (6-12조각)"><img alt="국내산 연평도 특품 급냉 절단 암꽃게, 1개, 1kg (6-12조각)" loading="lazy" width="165" height="165" decoding="async" data-nimg="1" class="also-bought-product-img" src="https://thumbnail.coupangcdn.com/thumbnails/remote/320x320ex/image/vendor_inventory/6dcb/2adcd8d2413e3ec6e327989849d3442b6f48228ff43e4b0734082f45f380.jpg" style="color: transparent;"><strong class="twc-pt-[8px] twc-text-[calc(var(--adjust-font-size)+12px)] twc-text-[#111] twc-font-[400] twc-line-clamp-2 twc-overflow-hidden">국내산 연평도 특품 급냉 절단 암꽃게, 1개, 1kg (6-12조각)</strong><div class="also-bought-price"><span class="price"><span class="twc-font-[700] twc-text-[14px]">19,100</span>원</span><div class="rl-item__unit-price">(100g당 1,910원)</div><div class="rl-item__review"><span class="rl-item__review-score-bg"><span class="rl-item__review-score" style="width: 90%;"><em>90%</em></span></span><span class="rl-item__review-count">(718)</span></div></div></a></div><div class="also-view-product"><a href="//www.coupang.com/vp/products/6386227885?vendorItemId=80844683465&amp;sourceType=SDP_ALSO_VIEWED" target="_blank" rel="noopener noreferrer" title="어부심에서 선별한 서해안 산지직송 햇꽃게 6~10미, 2kg, 1개"><img alt="어부심에서 선별한 서해안 산지직송 햇꽃게 6~10미, 2kg, 1개" loading="lazy" width="165" height="165" decoding="async" data-nimg="1" class="also-bought-product-img" src="https://thumbnail.coupangcdn.com/thumbnails/remote/320x320ex/image/retail/images/2022/03/08/11/4/fc6dfff4-e377-49fa-ac95-374a4d0562e6.jpg" style="color: transparent;"><strong class="twc-pt-[8px] twc-text-[calc(var(--adjust-font-size)+12px)] twc-text-[#111] twc-font-[400] twc-line-clamp-2 twc-overflow-hidden">어부심에서 선별한 서해안 산지직송 햇꽃게 6~10미, 2kg, 1개</strong><div class="also-bought-price"><span class="price"><span class="twc-font-[700] twc-text-[14px]">25,800</span>원</span><img class="rl-item__badge" alt="badge" loading="lazy" src="https://image.coupangcdn.com/image/mobile_app/v3/brandsdp/loyalty/pc/rocket-fresh@2x.png"><div class="rl-item__unit-price">(100g당 1,290원)</div><div class="rl-item__review"><span class="rl-item__review-score-bg"><span class="rl-item__review-score" style="width: 90%;"><em>90%</em></span></span><span class="rl-item__review-count">(1,147)</span></div></div></a></div><div class="also-view-product"><a href="//www.coupang.com/vp/products/7815521471?vendorItemId=92014464096&amp;sourceType=SDP_ALSO_VIEWED" target="_blank" rel="noopener noreferrer" title="우리집 간장게장 국내산 연평도 알배기 100% 프리미엄, 1개, 2.5kg"><img alt="우리집 간장게장 국내산 연평도 알배기 100% 프리미엄, 1개, 2.5kg" loading="lazy" width="165" height="165" decoding="async" data-nimg="1" class="also-bought-product-img" src="https://thumbnail.coupangcdn.com/thumbnails/remote/320x320ex/image/vendor_inventory/f3ed/f228e59243d58810d77dd4323a22cdbada56e3090177a950c4558863b602.jpg" style="color: transparent;"><strong class="twc-pt-[8px] twc-text-[calc(var(--adjust-font-size)+12px)] twc-text-[#111] twc-font-[400] twc-line-clamp-2 twc-overflow-hidden">우리집 간장게장 국내산 연평도 알배기 100% 프리미엄, 1개, 2.5kg</strong><div class="also-bought-price"><span class="price"><span class="twc-font-[700] twc-text-[14px]">33,200</span>원</span><div class="rl-item__unit-price">(100g당 1,328원)</div><div class="rl-item__review"><span class="rl-item__review-score-bg"><span class="rl-item__review-score" style="width: 100%;"><em>100%</em></span></span><span class="rl-item__review-count">(9,303)</span></div></div></a></div><div class="also-view-product"><a href="//www.coupang.com/vp/products/7518057706?vendorItemId=86817059549&amp;sourceType=SDP_ALSO_VIEWED" target="_blank" rel="noopener noreferrer" title="피시원 신진도 산지직송 이력추적 가을 햇꽃게, 2kg(6~10미), 1개"><img alt="피시원 신진도 산지직송 이력추적 가을 햇꽃게, 2kg(6~10미), 1개" loading="lazy" width="165" height="165" decoding="async" data-nimg="1" class="also-bought-product-img" src="https://thumbnail.coupangcdn.com/thumbnails/remote/320x320ex/image/rs_quotation_api/3igaatrg/b05e75de0cac4fdf9d236ec26c985cc3.jpg" style="color: transparent;"><strong class="twc-pt-[8px] twc-text-[calc(var(--adjust-font-size)+12px)] twc-text-[#111] twc-font-[400] twc-line-clamp-2 twc-overflow-hidden">피시원 신진도 산지직송 이력추적 가을 햇꽃게, 2kg(6~10미), 1개</strong><div class="also-bought-price"><span class="price"><span class="twc-font-[700] twc-text-[14px]">25,800</span>원</span><img class="rl-item__badge" alt="badge" loading="lazy" src="https://image.coupangcdn.com/image/mobile_app/v3/brandsdp/loyalty/pc/rocket-fresh@2x.png"><div class="rl-item__unit-price">(100g당 1,290원)</div><div class="rl-item__review"><span class="rl-item__review-score-bg"><span class="rl-item__review-score" style="width: 80%;"><em>80%</em></span></span><span class="rl-item__review-count">(3,407)</span></div></div></a></div><div class="also-view-product"><a href="//www.coupang.com/vp/products/7219614826?vendorItemId=85437453519&amp;sourceType=SDP_ALSO_VIEWED" target="_blank" rel="noopener noreferrer" title="바다미식회 살이꽉찬 국내산 통암꽃게 (냉동), 700g(대, 2~3마리), 1개"><img alt="바다미식회 살이꽉찬 국내산 통암꽃게 (냉동), 700g(대, 2~3마리), 1개" loading="lazy" width="165" height="165" decoding="async" data-nimg="1" class="also-bought-product-img" src="https://thumbnail.coupangcdn.com/thumbnails/remote/320x320ex/image/retail/images/2023/03/23/16/2/0d3817e7-b315-4c00-9ab7-c76c9e2c8600.jpg" style="color: transparent;"><strong class="twc-pt-[8px] twc-text-[calc(var(--adjust-font-size)+12px)] twc-text-[#111] twc-font-[400] twc-line-clamp-2 twc-overflow-hidden">바다미식회 살이꽉찬 국내산 통암꽃게 (냉동), 700g(대, 2~3마리), 1개</strong><div class="also-bought-price"><span class="price"><span class="twc-font-[700] twc-text-[14px]">19,900</span>원</span><img class="rl-item__badge" alt="badge" loading="lazy" src="https://image.coupangcdn.com/image/mobile_app/v3/brandsdp/loyalty/pc/rocket-fresh@2x.png"><div class="rl-item__unit-price">(100g당 2,843원)</div><div class="rl-item__review"><span class="rl-item__review-score-bg"><span class="rl-item__review-score" style="width: 70%;"><em>70%</em></span></span><span class="rl-item__review-count">(1,098)</span></div></div></a></div><div class="also-view-product"><a href="//www.coupang.com/vp/products/8998367155?vendorItemId=93344035864&amp;sourceType=SDP_ALSO_VIEWED" target="_blank" rel="noopener noreferrer" title="태안 활 톱밥 꽃게 3kg 12미 내외 제철꽃게, 1박스"><img alt="태안 활 톱밥 꽃게 3kg 12미 내외 제철꽃게, 1박스" loading="lazy" width="165" height="165" decoding="async" data-nimg="1" class="also-bought-product-img" src="https://thumbnail.coupangcdn.com/thumbnails/remote/320x320ex/image/vendor_inventory/5cbf/b44c65b1bc5ded530b8cb70cf0649ea4409d942f7a5bc464c411246f9390.jpg" style="color: transparent;"><strong class="twc-pt-[8px] twc-text-[calc(var(--adjust-font-size)+12px)] twc-text-[#111] twc-font-[400] twc-line-clamp-2 twc-overflow-hidden">태안 활 톱밥 꽃게 3kg 12미 내외 제철꽃게, 1박스</strong><div class="also-bought-price"><span class="price"><span class="twc-font-[700] twc-text-[14px]">39,900</span>원</span><div class="rl-item__review"><span class="rl-item__review-score-bg"><span class="rl-item__review-score" style="width: 80%;"><em>80%</em></span></span><span class="rl-item__review-count">(4)</span></div></div></a></div><div class="also-view-product"><a href="//www.coupang.com/vp/products/8982185457?vendorItemId=93276636780&amp;sourceType=SDP_ALSO_VIEWED" target="_blank" rel="noopener noreferrer" title="산지직송 서해안 일품 햇 꽃게 (냉장), 1개, 3kg"><img alt="산지직송 서해안 일품 햇 꽃게 (냉장), 1개, 3kg" loading="lazy" width="165" height="165" decoding="async" data-nimg="1" class="also-bought-product-img" src="https://thumbnail.coupangcdn.com/thumbnails/remote/320x320ex/image/rs_quotation_api/swfufpfp/b06af64d51fa41b6b8882c627b1e3897.jpg" style="color: transparent;"><strong class="twc-pt-[8px] twc-text-[calc(var(--adjust-font-size)+12px)] twc-text-[#111] twc-font-[400] twc-line-clamp-2 twc-overflow-hidden">산지직송 서해안 일품 햇 꽃게 (냉장), 1개, 3kg</strong><div class="also-bought-price"><span class="price"><span class="twc-font-[700] twc-text-[14px]">36,800</span>원</span><img class="rl-item__badge" alt="badge" loading="lazy" src="https://image.coupangcdn.com/image/mobile_app/v3/brandsdp/loyalty/pc/rocket-fresh@2x.png"><div class="rl-item__unit-price">(100g당 1,227원)</div><div class="rl-item__review"><span class="rl-item__review-score-bg"><span class="rl-item__review-score" style="width: 80%;"><em>80%</em></span></span><span class="rl-item__review-count">(256)</span></div></div></a></div><div class="also-view-product"><a href="//www.coupang.com/vp/products/8505544204?vendorItemId=91629509005&amp;sourceType=SDP_ALSO_VIEWED" target="_blank" rel="noopener noreferrer" title="살이꽉찬 국내산 손질꽃게, 1개, 500g"><img alt="살이꽉찬 국내산 손질꽃게, 1개, 500g" loading="lazy" width="165" height="165" decoding="async" data-nimg="1" class="also-bought-product-img" src="https://thumbnail.coupangcdn.com/thumbnails/remote/320x320ex/image/retail/images/221841574347887-c670e2c6-f349-4cb1-997b-726e732254ce.jpg" style="color: transparent;"><strong class="twc-pt-[8px] twc-text-[calc(var(--adjust-font-size)+12px)] twc-text-[#111] twc-font-[400] twc-line-clamp-2 twc-overflow-hidden">살이꽉찬 국내산 손질꽃게, 1개, 500g</strong><div class="also-bought-price"><span class="price"><span class="twc-font-[700] twc-text-[14px]">9,280</span>원</span><img class="rl-item__badge" alt="badge" loading="lazy" src="https://image.coupangcdn.com/image/mobile_app/v3/brandsdp/loyalty/pc/rocket-fresh@2x.png"><div class="rl-item__unit-price">(100g당 1,856원)</div><div class="rl-item__review"><span class="rl-item__review-score-bg"><span class="rl-item__review-score" style="width: 90%;"><em>90%</em></span></span><span class="rl-item__review-count">(986)</span></div></div></a></div><div class="also-view-product"><a href="//www.coupang.com/vp/products/7216950686?vendorItemId=85424674675&amp;sourceType=SDP_ALSO_VIEWED" target="_blank" rel="noopener noreferrer" title="바다미식회 살이꽉찬 국내산 손질꽃게 2절 (냉동), 1kg, 1개"><img alt="바다미식회 살이꽉찬 국내산 손질꽃게 2절 (냉동), 1kg, 1개" loading="lazy" width="165" height="165" decoding="async" data-nimg="1" class="also-bought-product-img" src="https://thumbnail.coupangcdn.com/thumbnails/remote/320x320ex/image/retail/images/1748716677008571-b998c8bf-1a57-41a1-88cb-62ce4c6eb927.jpg" style="color: transparent;"><strong class="twc-pt-[8px] twc-text-[calc(var(--adjust-font-size)+12px)] twc-text-[#111] twc-font-[400] twc-line-clamp-2 twc-overflow-hidden">바다미식회 살이꽉찬 국내산 손질꽃게 2절 (냉동), 1kg, 1개</strong><div class="also-bought-price"><span class="price"><span class="twc-font-[700] twc-text-[14px]">19,900</span>원</span><img class="rl-item__badge" alt="badge" loading="lazy" src="https://image.coupangcdn.com/image/mobile_app/v3/brandsdp/loyalty/pc/rocket-fresh@2x.png"><div class="rl-item__unit-price">(100g당 1,990원)</div><div class="rl-item__review"><span class="rl-item__review-score-bg"><span class="rl-item__review-score" style="width: 90%;"><em>90%</em></span></span><span class="rl-item__review-count">(12,791)</span></div></div></a></div><div class="also-view-product"><a href="//www.coupang.com/vp/products/9007166740?vendorItemId=93374887957&amp;sourceType=SDP_ALSO_VIEWED" target="_blank" rel="noopener noreferrer" title="[수율70%보장]당일조업 가을꽃게 국내산 서해 활꽃게 숫꽃게, 1세트, 1kg"><img alt="[수율70%보장]당일조업 가을꽃게 국내산 서해 활꽃게 숫꽃게, 1세트, 1kg" loading="lazy" width="165" height="165" decoding="async" data-nimg="1" class="also-bought-product-img" src="https://thumbnail.coupangcdn.com/thumbnails/remote/320x320ex/image/vendor_inventory/d618/e0fafbf6d652916f1f05d0faac47e0282bca870997c4f0e24846b60a55cd.jpg" style="color: transparent;"><strong class="twc-pt-[8px] twc-text-[calc(var(--adjust-font-size)+12px)] twc-text-[#111] twc-font-[400] twc-line-clamp-2 twc-overflow-hidden">[수율70%보장]당일조업 가을꽃게 국내산 서해 활꽃게 숫꽃게, 1세트, 1kg</strong><div class="also-bought-price"><span class="price"><span class="twc-font-[700] twc-text-[14px]">19,500</span>원</span><div class="rl-item__unit-price">(100g당 1,950원)</div><div class="rl-item__review"><span class="rl-item__review-score-bg"><span class="rl-item__review-score" style="width: 100%;"><em>100%</em></span></span><span class="rl-item__review-count">(24)</span></div></div></a></div><div class="also-view-product"><a href="//www.coupang.com/vp/products/9022260427?vendorItemId=93431068207&amp;sourceType=SDP_ALSO_VIEWED" target="_blank" rel="noopener noreferrer" title="[특상품] 당일조업 국내산 꽃게 활꽃게, 1개, 1kg"><img alt="[특상품] 당일조업 국내산 꽃게 활꽃게, 1개, 1kg" loading="lazy" width="165" height="165" decoding="async" data-nimg="1" class="also-bought-product-img" src="https://thumbnail.coupangcdn.com/thumbnails/remote/320x320ex/image/vendor_inventory/08d4/22b15857bd84623e36ed16353e58445de86eebe8ae9dae29f7e30cd9cf64.png" style="color: transparent;"><strong class="twc-pt-[8px] twc-text-[calc(var(--adjust-font-size)+12px)] twc-text-[#111] twc-font-[400] twc-line-clamp-2 twc-overflow-hidden">[특상품] 당일조업 국내산 꽃게 활꽃게, 1개, 1kg</strong><div class="also-bought-price"><span class="price"><span class="twc-font-[700] twc-text-[14px]">17,800</span>원</span><div class="rl-item__unit-price">(100g당 1,780원)</div><div class="rl-item__review"><span class="rl-item__review-score-bg"><span class="rl-item__review-score" style="width: 100%;"><em>100%</em></span></span><span class="rl-item__review-count">(17)</span></div></div></a></div><div class="also-view-product"><a href="//www.coupang.com/vp/products/7998695363?vendorItemId=89308174139&amp;sourceType=SDP_ALSO_VIEWED" target="_blank" rel="noopener noreferrer" title="[연평도] 국내산 절단 암꽃게 특품 급냉 손질 신선냉동, 1개, 2kg (12~20조각)"><img alt="[연평도] 국내산 절단 암꽃게 특품 급냉 손질 신선냉동, 1개, 2kg (12~20조각)" loading="lazy" width="165" height="165" decoding="async" data-nimg="1" class="also-bought-product-img" src="https://thumbnail.coupangcdn.com/thumbnails/remote/320x320ex/image/vendor_inventory/a1fd/4965210b0eaf7d45b8815c409a185f21edadc96a0db4e7072ee7078af2a9.jpg" style="color: transparent;"><strong class="twc-pt-[8px] twc-text-[calc(var(--adjust-font-size)+12px)] twc-text-[#111] twc-font-[400] twc-line-clamp-2 twc-overflow-hidden">[연평도] 국내산 절단 암꽃게 특품 급냉 손질 신선냉동, 1개, 2kg (12~20조각)</strong><div class="also-bought-price"><span class="price"><span class="twc-font-[700] twc-text-[14px]">33,900</span>원</span><div class="rl-item__unit-price">(100g당 1,695원)</div><div class="rl-item__review"><span class="rl-item__review-score-bg"><span class="rl-item__review-score" style="width: 80%;"><em>80%</em></span></span><span class="rl-item__review-count">(530)</span></div></div></a></div><div class="also-view-product"><a href="//www.coupang.com/vp/products/8693356582?vendorItemId=92236632612&amp;sourceType=SDP_ALSO_VIEWED" target="_blank" rel="noopener noreferrer" title="[연평도] 국내산 특품 급냉 암꽃게, 1개, 2kg (6-10미)"><img alt="[연평도] 국내산 특품 급냉 암꽃게, 1개, 2kg (6-10미)" loading="lazy" width="165" height="165" decoding="async" data-nimg="1" class="also-bought-product-img" src="https://thumbnail.coupangcdn.com/thumbnails/remote/320x320ex/image/vendor_inventory/943b/0e631f5a3cd9319b397c0bfd9a08b5a14afc465565fdb56ad7f1e5591bd3.jpg" style="color: transparent;"><strong class="twc-pt-[8px] twc-text-[calc(var(--adjust-font-size)+12px)] twc-text-[#111] twc-font-[400] twc-line-clamp-2 twc-overflow-hidden">[연평도] 국내산 특품 급냉 암꽃게, 1개, 2kg (6-10미)</strong><div class="also-bought-price"><span class="price"><span class="twc-font-[700] twc-text-[14px]">37,500</span>원</span><div class="rl-item__unit-price">(100g당 1,875원)</div><div class="rl-item__review"><span class="rl-item__review-score-bg"><span class="rl-item__review-score" style="width: 80%;"><em>80%</em></span></span><span class="rl-item__review-count">(509)</span></div></div></a></div></div><div class="twc-absolute twc-cursor-pointer twc-top-1/2 twc-translate-y-[-20px] twc-w-[36px] twc-h-[39px] twc-indent-[-9999px] twc-bg-[url('https://static.coupangcdn.com/image/fodium/desktop/widget-sdp-alsoviewedproducts-20160622.png')] twc-bg-no-repeat twc-left-0 twc-bg-[-2px_-43px] hover:twc-bg-[-40px_-2px] max-[600px]:twc-hidden"></div><div class="twc-absolute twc-cursor-pointer twc-top-1/2 twc-translate-y-[-20px] twc-w-[36px] twc-h-[39px] twc-indent-[-9999px] twc-bg-[url('https://static.coupangcdn.com/image/fodium/desktop/widget-sdp-alsoviewedproducts-20160622.png')] twc-bg-no-repeat twc-right-0 twc-bg-[-78px_-2px] hover:twc-bg-[-2px_-2px] max-[600px]:twc-hidden"></div></div></div></div><div style="cursor: pointer; margin-bottom: 10px; display: initial;"><div id="midCarousel2" style="position: relative;"><a href="#" class="carousel-arrow-button prev"></a><a href="#" class="carousel-arrow-button next"></a><div style="display: flex; flex-direction: column; background-color: rgba(255, 255, 255, 1); overflow: hidden;" class="cmg-dco-template"><div style="display: flex; flex-direction: row; -webkit-box-sizing: border-box; width: 100%;; height: 54px; min-height: 54px; align-items: center"><div style="-webkit-line-clamp: 1; overflow: hidden; display: -webkit-box!important; -webkit-box-orient: vertical; width: 100%; flex-grow: 1; padding: 0px 0px 0px 6px"><span style="font-size: 18px; font-weight: bold; color: rgba(33, 43, 54, 1); word-break: break-all; vertical-align: middle">이런 상품은 어때요?</span></div><div style="-webkit-line-clamp: 1; overflow: hidden; display: -webkit-box!important; -webkit-box-orient: vertical; min-width: fit-content; width: fit-content; margin: 0px 16px 0px 0px"><span style="font-size: 12px; font-weight: normal; color: rgba(17, 17, 17, 0.3); word-break: break-all; vertical-align: middle">AD</span></div></div><div class="cmg-dco-carousel" style="display: flex; flex-direction: row; box-sizing: border-box; width: 100%; margin: 0px 0px 0px 4px; min-width: 100%;"><div style="display: flex; flex-direction: row; -webkit-box-sizing: border-box; min-width: fit-content; width: fit-content"><div style="display: flex; flex-direction: column; width: 124px; min-width: 124px; margin: 0px 12px 16px 12px" class="cmg-dco-carousel-item cmg-dco-carousel-product hover-style-E" data-adsplatform="{&quot;viewImpression&quot;: &quot;https://mercury.coupang.com/e.gif?r=db56d770-8e1e-11f0-87a0-b4d70464a931%7E2&amp;templateId=3880&quot;}"><div style="width: 124px; min-width: 124px; height: 124px;min-height: 124px; margin: 0px 0px 8px 0px; overflow: hidden"><img src="https://thumbnail3.coupangcdn.com/thumbnails/remote/292x292q65ex/image/vendor_inventory/c3bf/50c949c71e583f5df8e089be6447d20fba61100ba86946f442b47d0e544e.jpg" style="vertical-align: top; height: 100%; object-fit: contain; border-radius: 0px 0px 0px 0px; " class="main-image"></div><div style="-webkit-line-clamp: 100; overflow: hidden; display: -webkit-box!important; -webkit-box-orient: vertical; min-width: fit-content; width: fit-content; padding: 0px 0px 6px 0px"><span style="font-size: 12px; font-weight: bold; color: rgba(99, 115, 129, 1); word-break: break-all; vertical-align: middle">무료배송</span></div><div style="-webkit-line-clamp: 2; overflow: hidden; display: -webkit-box!important; -webkit-box-orient: vertical; width: 100%;; margin: 0px 0px 4px 0px"><span style="font-size: 14px; font-weight: normal; color: rgba(33, 43, 54, 1); word-break: break-all; vertical-align: middle" class="product-title">[당일조업] 태안 신진도 활 톱밥꽃게(암수혼입), 1개, 3kg (9~15미)</span></div><div style="display: flex; flex-direction: row; -webkit-box-sizing: border-box; min-width: fit-content; width: fit-content; margin: 0px 0px 4px 0px; align-items: center"><div style="-webkit-line-clamp: 1; overflow: hidden; display: -webkit-box!important; -webkit-box-orient: vertical; min-width: fit-content; width: fit-content; margin: 0px 4px 0px 0px"><span style="font-size: 14px; font-weight: bold; color: rgba(203, 20, 0, 1); word-break: break-all; vertical-align: middle">38,900원</span></div></div><div style="display: flex; flex-direction: column; min-width: fit-content; width: fit-content; margin: 0px 0px 4px 0px"></div><div style="display: flex; flex-direction: row; -webkit-box-sizing: border-box; min-width: fit-content; width: fit-content"><div style="display: flex; flex-direction: row; -webkit-box-sizing: border-box; min-width: fit-content; width: fit-content; height: 16px; min-height: 16px; padding: 0px 4px 1px 4px; margin: 0px 0px 6px 0px; background-color: rgba(225, 39, 5, 1); border-radius: 4px 4px 4px 4px; align-items: center"><div style="-webkit-line-clamp: 1; overflow: hidden; display: -webkit-box!important; -webkit-box-orient: vertical; min-width: fit-content; width: fit-content; margin: 0px 2px 0px 0px"><span style="font-size: 11px; font-weight: bold; color: rgba(255, 255, 255, 1); word-break: break-all; vertical-align: middle">11%</span></div><div style="-webkit-line-clamp: 1; overflow: hidden; display: -webkit-box!important; -webkit-box-orient: vertical; min-width: fit-content; width: fit-content"><span style="font-size: 11px; font-weight: bold; color: rgba(255, 255, 255, 1); word-break: break-all; vertical-align: middle">할인</span></div></div></div><div style="display: flex; flex-direction: row; -webkit-box-sizing: border-box; min-width: fit-content; width: fit-content; align-items: flex-end"><div style="display: flex; min-width: fit-content; width: fit-content; height: 13px; min-height: 13px; margin: 0px 2px 0px 0px"><span style="display: block; background-image: url(//static.coupangcdn.com/image/cmg/common/rating-star/RDS.png); background-repeat: no-repeat; width: 60px; height: 12px; background-size: 60px 24px; background-position: 0 -12px"><em style="display: block; background-image: url(//static.coupangcdn.com/image/cmg/common/rating-star/RDS.png); background-repeat: no-repeat; width: 100%; height: 12px; background-size: 60px 24px; background-position: 0 0"></em></span></div><div style="-webkit-line-clamp: 1; overflow: hidden; display: -webkit-box!important; -webkit-box-orient: vertical; min-width: fit-content; width: fit-content"><span style="font-size: 12px; font-weight: normal; color: rgba(118, 134, 149, 1); word-break: break-all; vertical-align: middle">(727)</span></div></div></div><div style="display: flex; flex-direction: column; width: 1px; min-width: 1px; align-self: stretch; margin: 0px 0px 16px 0px; background-color: rgba(238, 238, 238, 1)"></div></div><div style="display: flex; flex-direction: row; -webkit-box-sizing: border-box; min-width: fit-content; width: fit-content"><div style="display: flex; flex-direction: column; width: 124px; min-width: 124px; margin: 0px 12px 16px 12px" class="cmg-dco-carousel-item cmg-dco-carousel-product hover-style-E" data-adsplatform="{&quot;viewImpression&quot;: &quot;https://mercury.coupang.com/e.gif?r=db56fe80-8e1e-11f0-9fbd-574063f6720a%7E2&amp;templateId=3880&quot;}"><div style="width: 124px; min-width: 124px; height: 124px;min-height: 124px; margin: 0px 0px 8px 0px; overflow: hidden"><img src="https://thumbnail13.coupangcdn.com/thumbnails/remote/292x292q65ex/image/vendor_inventory/51b1/d627571db41eff53ef47ee35efcca5d3fec5e8ddf0a14c0fc3bbdfc1afaa.png" style="vertical-align: top; height: 100%; object-fit: contain; border-radius: 0px 0px 0px 0px; " class="main-image"></div><div style="-webkit-line-clamp: 100; overflow: hidden; display: -webkit-box!important; -webkit-box-orient: vertical; min-width: fit-content; width: fit-content; padding: 0px 0px 6px 0px"><span style="font-size: 12px; font-weight: bold; color: rgba(99, 115, 129, 1); word-break: break-all; vertical-align: middle">무료배송</span></div><div style="-webkit-line-clamp: 2; overflow: hidden; display: -webkit-box!important; -webkit-box-orient: vertical; width: 100%;; margin: 0px 0px 4px 0px"><span style="font-size: 14px; font-weight: normal; color: rgba(33, 43, 54, 1); word-break: break-all; vertical-align: middle" class="product-title">[소담어반] 서해안 당일조업 활 숫꽃게 국내산 꽃게 산지직송, 1개, 5kg(15-17미)</span></div><div style="display: flex; flex-direction: row; -webkit-box-sizing: border-box; min-width: fit-content; width: fit-content; margin: 0px 0px 4px 0px; align-items: center"><div style="-webkit-line-clamp: 1; overflow: hidden; display: -webkit-box!important; -webkit-box-orient: vertical; min-width: fit-content; width: fit-content; margin: 0px 4px 0px 0px"><span style="font-size: 14px; font-weight: bold; color: rgba(203, 20, 0, 1); word-break: break-all; vertical-align: middle">63,000원</span></div></div><div style="display: flex; flex-direction: column; min-width: fit-content; width: fit-content; margin: 0px 0px 4px 0px"></div><div style="display: flex; flex-direction: row; -webkit-box-sizing: border-box; min-width: fit-content; width: fit-content"><div style="display: flex; flex-direction: row; -webkit-box-sizing: border-box; min-width: fit-content; width: fit-content; height: 16px; min-height: 16px; padding: 0px 4px 1px 4px; margin: 0px 0px 6px 0px; background-color: rgba(225, 39, 5, 1); border-radius: 4px 4px 4px 4px; align-items: center"><div style="-webkit-line-clamp: 1; overflow: hidden; display: -webkit-box!important; -webkit-box-orient: vertical; min-width: fit-content; width: fit-content; margin: 0px 2px 0px 0px"><span style="font-size: 11px; font-weight: bold; color: rgba(255, 255, 255, 1); word-break: break-all; vertical-align: middle">51%</span></div><div style="-webkit-line-clamp: 1; overflow: hidden; display: -webkit-box!important; -webkit-box-orient: vertical; min-width: fit-content; width: fit-content"><span style="font-size: 11px; font-weight: bold; color: rgba(255, 255, 255, 1); word-break: break-all; vertical-align: middle">할인</span></div></div></div><div style="display: flex; flex-direction: row; -webkit-box-sizing: border-box; min-width: fit-content; width: fit-content; align-items: flex-end"><div style="display: flex; min-width: fit-content; width: fit-content; height: 13px; min-height: 13px; margin: 0px 2px 0px 0px"><span style="display: block; background-image: url(//static.coupangcdn.com/image/cmg/common/rating-star/RDS.png); background-repeat: no-repeat; width: 60px; height: 12px; background-size: 60px 24px; background-position: 0 -12px"><em style="display: block; background-image: url(//static.coupangcdn.com/image/cmg/common/rating-star/RDS.png); background-repeat: no-repeat; width: 90%; height: 12px; background-size: 60px 24px; background-position: 0 0"></em></span></div><div style="-webkit-line-clamp: 1; overflow: hidden; display: -webkit-box!important; -webkit-box-orient: vertical; min-width: fit-content; width: fit-content"><span style="font-size: 12px; font-weight: normal; color: rgba(118, 134, 149, 1); word-break: break-all; vertical-align: middle">(20)</span></div></div></div><div style="display: flex; flex-direction: column; width: 1px; min-width: 1px; align-self: stretch; margin: 0px 0px 16px 0px; background-color: rgba(238, 238, 238, 1)"></div></div><div style="display: flex; flex-direction: row; -webkit-box-sizing: border-box; min-width: fit-content; width: fit-content"><div style="display: flex; flex-direction: column; width: 124px; min-width: 124px; margin: 0px 12px 16px 12px" class="cmg-dco-carousel-item cmg-dco-carousel-product hover-style-E" data-adsplatform="{&quot;viewImpression&quot;: &quot;https://mercury.coupang.com/e.gif?r=db56fe80-8e1e-11f0-a9f9-57da54ef01b2%7E2&amp;templateId=3880&quot;}"><div style="width: 124px; min-width: 124px; height: 124px;min-height: 124px; margin: 0px 0px 8px 0px; overflow: hidden"><img src="https://thumbnail12.coupangcdn.com/thumbnails/remote/292x292q65ex/image/vendor_inventory/cd8a/d955de7690d0d132c64aa0777e8e4d1f40c0b5db13fc45d8a1b8efe5b748.jpg" style="vertical-align: top; height: 100%; object-fit: contain; border-radius: 0px 0px 0px 0px; " class="main-image"></div><div style="-webkit-line-clamp: 100; overflow: hidden; display: -webkit-box!important; -webkit-box-orient: vertical; min-width: fit-content; width: fit-content; padding: 0px 0px 6px 0px"><span style="font-size: 12px; font-weight: bold; color: rgba(99, 115, 129, 1); word-break: break-all; vertical-align: middle">무료배송</span></div><div style="-webkit-line-clamp: 2; overflow: hidden; display: -webkit-box!important; -webkit-box-orient: vertical; width: 100%;; margin: 0px 0px 4px 0px"><span style="font-size: 14px; font-weight: normal; color: rgba(33, 43, 54, 1); word-break: break-all; vertical-align: middle" class="product-title">따봉프레시 당일조업 3차선별 황제 활꽃게 태안 신진도 빙장, 1개, 5kg</span></div><div style="display: flex; flex-direction: row; -webkit-box-sizing: border-box; min-width: fit-content; width: fit-content; margin: 0px 0px 4px 0px; align-items: center"><div style="-webkit-line-clamp: 1; overflow: hidden; display: -webkit-box!important; -webkit-box-orient: vertical; min-width: fit-content; width: fit-content; margin: 0px 4px 0px 0px"><span style="font-size: 14px; font-weight: bold; color: rgba(203, 20, 0, 1); word-break: break-all; vertical-align: middle">61,800원</span></div></div><div style="display: flex; flex-direction: column; min-width: fit-content; width: fit-content; margin: 0px 0px 4px 0px"></div><div style="display: flex; flex-direction: row; -webkit-box-sizing: border-box; min-width: fit-content; width: fit-content"><div style="display: flex; flex-direction: row; -webkit-box-sizing: border-box; min-width: fit-content; width: fit-content; height: 16px; min-height: 16px; padding: 0px 4px 1px 4px; margin: 0px 0px 6px 0px; background-color: rgba(225, 39, 5, 1); border-radius: 4px 4px 4px 4px; align-items: center"><div style="-webkit-line-clamp: 1; overflow: hidden; display: -webkit-box!important; -webkit-box-orient: vertical; min-width: fit-content; width: fit-content; margin: 0px 2px 0px 0px"><span style="font-size: 11px; font-weight: bold; color: rgba(255, 255, 255, 1); word-break: break-all; vertical-align: middle">35%</span></div><div style="-webkit-line-clamp: 1; overflow: hidden; display: -webkit-box!important; -webkit-box-orient: vertical; min-width: fit-content; width: fit-content"><span style="font-size: 11px; font-weight: bold; color: rgba(255, 255, 255, 1); word-break: break-all; vertical-align: middle">할인</span></div></div></div><div style="display: flex; flex-direction: row; -webkit-box-sizing: border-box; min-width: fit-content; width: fit-content; align-items: flex-end"><div style="display: flex; min-width: fit-content; width: fit-content; height: 13px; min-height: 13px; margin: 0px 2px 0px 0px"><span style="display: block; background-image: url(//static.coupangcdn.com/image/cmg/common/rating-star/RDS.png); background-repeat: no-repeat; width: 60px; height: 12px; background-size: 60px 24px; background-position: 0 -12px"><em style="display: block; background-image: url(//static.coupangcdn.com/image/cmg/common/rating-star/RDS.png); background-repeat: no-repeat; width: 80%; height: 12px; background-size: 60px 24px; background-position: 0 0"></em></span></div><div style="-webkit-line-clamp: 1; overflow: hidden; display: -webkit-box!important; -webkit-box-orient: vertical; min-width: fit-content; width: fit-content"><span style="font-size: 12px; font-weight: normal; color: rgba(118, 134, 149, 1); word-break: break-all; vertical-align: middle">(241)</span></div></div></div><div style="display: flex; flex-direction: column; width: 1px; min-width: 1px; align-self: stretch; margin: 0px 0px 16px 0px; background-color: rgba(238, 238, 238, 1)"></div></div><div style="display: flex; flex-direction: row; -webkit-box-sizing: border-box; min-width: fit-content; width: fit-content"><div style="display: flex; flex-direction: column; width: 124px; min-width: 124px; margin: 0px 12px 16px 12px" class="cmg-dco-carousel-item cmg-dco-carousel-product hover-style-E" data-adsplatform="{&quot;viewImpression&quot;: &quot;https://mercury.coupang.com/e.gif?r=db56fe80-8e1e-11f0-8762-26c3aebf25c9%7E2&amp;templateId=3880&quot;}"><div style="width: 124px; min-width: 124px; height: 124px;min-height: 124px; margin: 0px 0px 8px 0px; overflow: hidden"><img src="https://thumbnail12.coupangcdn.com/thumbnails/remote/292x292q65ex/image/vendor_inventory/5cdf/b86728171e7c8c80e80159b64a7f0421e5409233e23bd8de6a5d550fa32b.jpg" style="vertical-align: top; height: 100%; object-fit: contain; border-radius: 0px 0px 0px 0px; " class="main-image"></div><div style="-webkit-line-clamp: 100; overflow: hidden; display: -webkit-box!important; -webkit-box-orient: vertical; min-width: fit-content; width: fit-content; padding: 0px 0px 6px 0px"><span style="font-size: 12px; font-weight: bold; color: rgba(99, 115, 129, 1); word-break: break-all; vertical-align: middle">무료배송</span></div><div style="-webkit-line-clamp: 2; overflow: hidden; display: -webkit-box!important; -webkit-box-orient: vertical; width: 100%;; margin: 0px 0px 4px 0px"><span style="font-size: 14px; font-weight: normal; color: rgba(33, 43, 54, 1); word-break: break-all; vertical-align: middle" class="product-title">서해안 당일조업 가을 생물꽃게 2kg 얼음포장, 1박스</span></div><div style="display: flex; flex-direction: row; -webkit-box-sizing: border-box; min-width: fit-content; width: fit-content; margin: 0px 0px 4px 0px; align-items: center"><div style="-webkit-line-clamp: 1; overflow: hidden; display: -webkit-box!important; -webkit-box-orient: vertical; min-width: fit-content; width: fit-content; margin: 0px 4px 0px 0px"><span style="font-size: 14px; font-weight: bold; color: rgba(203, 20, 0, 1); word-break: break-all; vertical-align: middle">24,900원</span></div></div><div style="display: flex; flex-direction: column; min-width: fit-content; width: fit-content; margin: 0px 0px 4px 0px"></div><div style="display: flex; flex-direction: row; -webkit-box-sizing: border-box; min-width: fit-content; width: fit-content"></div><div style="display: flex; flex-direction: row; -webkit-box-sizing: border-box; min-width: fit-content; width: fit-content; align-items: flex-end"><div style="display: flex; min-width: fit-content; width: fit-content; height: 13px; min-height: 13px; margin: 0px 2px 0px 0px"><span style="display: block; background-image: url(//static.coupangcdn.com/image/cmg/common/rating-star/RDS.png); background-repeat: no-repeat; width: 60px; height: 12px; background-size: 60px 24px; background-position: 0 -12px"><em style="display: block; background-image: url(//static.coupangcdn.com/image/cmg/common/rating-star/RDS.png); background-repeat: no-repeat; width: 80%; height: 12px; background-size: 60px 24px; background-position: 0 0"></em></span></div><div style="-webkit-line-clamp: 1; overflow: hidden; display: -webkit-box!important; -webkit-box-orient: vertical; min-width: fit-content; width: fit-content"><span style="font-size: 12px; font-weight: normal; color: rgba(118, 134, 149, 1); word-break: break-all; vertical-align: middle">(49)</span></div></div></div><div style="display: flex; flex-direction: column; width: 1px; min-width: 1px; align-self: stretch; margin: 0px 0px 16px 0px; background-color: rgba(238, 238, 238, 1)"></div></div><div style="display: flex; flex-direction: row; -webkit-box-sizing: border-box; min-width: fit-content; width: fit-content"><div style="display: flex; flex-direction: column; width: 124px; min-width: 124px; margin: 0px 12px 16px 12px" class="cmg-dco-carousel-item cmg-dco-carousel-product hover-style-E" data-adsplatform="{&quot;viewImpression&quot;: &quot;https://mercury.coupang.com/e.gif?r=db56fe80-8e1e-11f0-8843-52fa0d3cc33e%7E2&amp;templateId=3880&quot;}"><div style="width: 124px; min-width: 124px; height: 124px;min-height: 124px; margin: 0px 0px 8px 0px; overflow: hidden"><img src="https://thumbnail9.coupangcdn.com/thumbnails/remote/292x292q65ex/image/vendor_inventory/ebec/2f4fff006592f7ad549b4d6c1f801cbfb6e79cf3cf496a49c8cae1efe7c8.png" style="vertical-align: top; height: 100%; object-fit: contain; border-radius: 0px 0px 0px 0px; " class="main-image"></div><div style="-webkit-line-clamp: 100; overflow: hidden; display: -webkit-box!important; -webkit-box-orient: vertical; min-width: fit-content; width: fit-content; padding: 0px 0px 6px 0px"><span style="font-size: 12px; font-weight: bold; color: rgba(99, 115, 129, 1); word-break: break-all; vertical-align: middle">무료배송</span></div><div style="-webkit-line-clamp: 2; overflow: hidden; display: -webkit-box!important; -webkit-box-orient: vertical; width: 100%;; margin: 0px 0px 4px 0px"><span style="font-size: 14px; font-weight: normal; color: rgba(33, 43, 54, 1); word-break: break-all; vertical-align: middle" class="product-title">[ 지금부터 제철 ] 미식가 전용 살이 꽉찬 국내산 활꽃게 가을꽃게 서해안 생물꽃게, 1개, 가을꽃게 3 kg (9~15미)</span></div><div style="display: flex; flex-direction: row; -webkit-box-sizing: border-box; min-width: fit-content; width: fit-content; margin: 0px 0px 4px 0px; align-items: center"><div style="-webkit-line-clamp: 1; overflow: hidden; display: -webkit-box!important; -webkit-box-orient: vertical; min-width: fit-content; width: fit-content; margin: 0px 4px 0px 0px"><span style="font-size: 14px; font-weight: bold; color: rgba(203, 20, 0, 1); word-break: break-all; vertical-align: middle">43,500원</span></div></div><div style="display: flex; flex-direction: column; min-width: fit-content; width: fit-content; margin: 0px 0px 4px 0px"></div><div style="display: flex; flex-direction: row; -webkit-box-sizing: border-box; min-width: fit-content; width: fit-content"><div style="display: flex; flex-direction: row; -webkit-box-sizing: border-box; min-width: fit-content; width: fit-content; height: 16px; min-height: 16px; padding: 0px 4px 1px 4px; margin: 0px 0px 6px 0px; background-color: rgba(225, 39, 5, 1); border-radius: 4px 4px 4px 4px; align-items: center"><div style="-webkit-line-clamp: 1; overflow: hidden; display: -webkit-box!important; -webkit-box-orient: vertical; min-width: fit-content; width: fit-content; margin: 0px 2px 0px 0px"><span style="font-size: 11px; font-weight: bold; color: rgba(255, 255, 255, 1); word-break: break-all; vertical-align: middle">15%</span></div><div style="-webkit-line-clamp: 1; overflow: hidden; display: -webkit-box!important; -webkit-box-orient: vertical; min-width: fit-content; width: fit-content"><span style="font-size: 11px; font-weight: bold; color: rgba(255, 255, 255, 1); word-break: break-all; vertical-align: middle">할인</span></div></div></div><div style="display: flex; flex-direction: row; -webkit-box-sizing: border-box; min-width: fit-content; width: fit-content; align-items: flex-end"><div style="display: flex; min-width: fit-content; width: fit-content; height: 13px; min-height: 13px; margin: 0px 2px 0px 0px"><span style="display: block; background-image: url(//static.coupangcdn.com/image/cmg/common/rating-star/RDS.png); background-repeat: no-repeat; width: 60px; height: 12px; background-size: 60px 24px; background-position: 0 -12px"><em style="display: block; background-image: url(//static.coupangcdn.com/image/cmg/common/rating-star/RDS.png); background-repeat: no-repeat; width: 100%; height: 12px; background-size: 60px 24px; background-position: 0 0"></em></span></div><div style="-webkit-line-clamp: 1; overflow: hidden; display: -webkit-box!important; -webkit-box-orient: vertical; min-width: fit-content; width: fit-content"><span style="font-size: 12px; font-weight: normal; color: rgba(118, 134, 149, 1); word-break: break-all; vertical-align: middle">(10)</span></div></div></div><div style="display: flex; flex-direction: column; width: 1px; min-width: 1px; align-self: stretch; margin: 0px 0px 16px 0px; background-color: rgba(238, 238, 238, 1)"></div></div><div style="display: flex; flex-direction: row; -webkit-box-sizing: border-box; min-width: fit-content; width: fit-content"><div style="display: flex; flex-direction: column; width: 124px; min-width: 124px; margin: 0px 12px 16px 12px" class="cmg-dco-carousel-item cmg-dco-carousel-product hover-style-E" data-adsplatform="{&quot;viewImpression&quot;: &quot;https://mercury.coupang.com/e.gif?r=db56fe80-8e1e-11f0-9a0f-1e57110ef8e1%7E2&amp;templateId=3880&quot;}"><div style="width: 124px; min-width: 124px; height: 124px;min-height: 124px; margin: 0px 0px 8px 0px; overflow: hidden"><img src="https://thumbnail6.coupangcdn.com/thumbnails/remote/292x292q65ex/image/vendor_inventory/1cf1/b5a1206ee1e79bfd71fcb5a696432d44089406baf3741f55ee2981013602.jpg" style="vertical-align: top; height: 100%; object-fit: contain; border-radius: 0px 0px 0px 0px; " class="main-image"></div><div style="-webkit-line-clamp: 100; overflow: hidden; display: -webkit-box!important; -webkit-box-orient: vertical; min-width: fit-content; width: fit-content; padding: 0px 0px 6px 0px"><span style="font-size: 12px; font-weight: bold; color: rgba(99, 115, 129, 1); word-break: break-all; vertical-align: middle">무료배송</span></div><div style="-webkit-line-clamp: 2; overflow: hidden; display: -webkit-box!important; -webkit-box-orient: vertical; width: 100%;; margin: 0px 0px 4px 0px"><span style="font-size: 14px; font-weight: normal; color: rgba(33, 43, 54, 1); word-break: break-all; vertical-align: middle" class="product-title">[맛꾼] 당일조업 산지직송 서해안 빙장 제철 활 숫꽃게, 1개, 3kg</span></div><div style="display: flex; flex-direction: row; -webkit-box-sizing: border-box; min-width: fit-content; width: fit-content; margin: 0px 0px 4px 0px; align-items: center"><div style="-webkit-line-clamp: 1; overflow: hidden; display: -webkit-box!important; -webkit-box-orient: vertical; min-width: fit-content; width: fit-content; margin: 0px 4px 0px 0px"><span style="font-size: 14px; font-weight: bold; color: rgba(203, 20, 0, 1); word-break: break-all; vertical-align: middle">37,900원</span></div></div><div style="display: flex; flex-direction: column; min-width: fit-content; width: fit-content; margin: 0px 0px 4px 0px"></div><div style="display: flex; flex-direction: row; -webkit-box-sizing: border-box; min-width: fit-content; width: fit-content"><div style="display: flex; flex-direction: row; -webkit-box-sizing: border-box; min-width: fit-content; width: fit-content; height: 16px; min-height: 16px; padding: 0px 4px 1px 4px; margin: 0px 0px 6px 0px; background-color: rgba(225, 39, 5, 1); border-radius: 4px 4px 4px 4px; align-items: center"><div style="-webkit-line-clamp: 1; overflow: hidden; display: -webkit-box!important; -webkit-box-orient: vertical; min-width: fit-content; width: fit-content; margin: 0px 2px 0px 0px"><span style="font-size: 11px; font-weight: bold; color: rgba(255, 255, 255, 1); word-break: break-all; vertical-align: middle">51%</span></div><div style="-webkit-line-clamp: 1; overflow: hidden; display: -webkit-box!important; -webkit-box-orient: vertical; min-width: fit-content; width: fit-content"><span style="font-size: 11px; font-weight: bold; color: rgba(255, 255, 255, 1); word-break: break-all; vertical-align: middle">할인</span></div></div></div><div style="display: flex; flex-direction: row; -webkit-box-sizing: border-box; min-width: fit-content; width: fit-content; align-items: flex-end"><div style="display: flex; min-width: fit-content; width: fit-content; height: 13px; min-height: 13px; margin: 0px 2px 0px 0px"><span style="display: block; background-image: url(//static.coupangcdn.com/image/cmg/common/rating-star/RDS.png); background-repeat: no-repeat; width: 60px; height: 12px; background-size: 60px 24px; background-position: 0 -12px"><em style="display: block; background-image: url(//static.coupangcdn.com/image/cmg/common/rating-star/RDS.png); background-repeat: no-repeat; width: 80%; height: 12px; background-size: 60px 24px; background-position: 0 0"></em></span></div><div style="-webkit-line-clamp: 1; overflow: hidden; display: -webkit-box!important; -webkit-box-orient: vertical; min-width: fit-content; width: fit-content"><span style="font-size: 12px; font-weight: normal; color: rgba(118, 134, 149, 1); word-break: break-all; vertical-align: middle">(12)</span></div></div></div><div style="display: flex; flex-direction: column; width: 1px; min-width: 1px; align-self: stretch; margin: 0px 0px 16px 0px; background-color: rgba(238, 238, 238, 1)"></div></div><div style="display: flex; flex-direction: row; -webkit-box-sizing: border-box; min-width: fit-content; width: fit-content"><div style="display: flex; flex-direction: column; width: 124px; min-width: 124px; margin: 0px 12px 16px 12px" class="cmg-dco-carousel-item cmg-dco-carousel-product hover-style-E" data-adsplatform="{&quot;viewImpression&quot;: &quot;https://mercury.coupang.com/e.gif?r=db56fe80-8e1e-11f0-9092-aa46fc32a098%7E2&amp;templateId=3880&quot;}"><div style="width: 124px; min-width: 124px; height: 124px;min-height: 124px; margin: 0px 0px 8px 0px; overflow: hidden"><img src="https://thumbnail8.coupangcdn.com/thumbnails/remote/292x292q65ex/image/vendor_inventory/e091/0c4e1bab67d73789a060ef24b03c14d1951ac728400191ba55e1ba2b4e40.jpg" style="vertical-align: top; height: 100%; object-fit: contain; border-radius: 0px 0px 0px 0px; " class="main-image"></div><div style="-webkit-line-clamp: 100; overflow: hidden; display: -webkit-box!important; -webkit-box-orient: vertical; min-width: fit-content; width: fit-content; padding: 0px 0px 6px 0px"><span style="font-size: 12px; font-weight: bold; color: rgba(99, 115, 129, 1); word-break: break-all; vertical-align: middle">무료배송</span></div><div style="-webkit-line-clamp: 2; overflow: hidden; display: -webkit-box!important; -webkit-box-orient: vertical; width: 100%;; margin: 0px 0px 4px 0px"><span style="font-size: 14px; font-weight: normal; color: rgba(33, 43, 54, 1); word-break: break-all; vertical-align: middle" class="product-title">푸드지 알배기 몸통만 간장게장, 1개, 3kg</span></div><div style="display: flex; flex-direction: row; -webkit-box-sizing: border-box; min-width: fit-content; width: fit-content; margin: 0px 0px 4px 0px; align-items: center"><div style="-webkit-line-clamp: 1; overflow: hidden; display: -webkit-box!important; -webkit-box-orient: vertical; min-width: fit-content; width: fit-content; margin: 0px 4px 0px 0px"><span style="font-size: 14px; font-weight: bold; color: rgba(203, 20, 0, 1); word-break: break-all; vertical-align: middle">35,300원</span></div></div><div style="display: flex; flex-direction: column; min-width: fit-content; width: fit-content; margin: 0px 0px 4px 0px"></div><div style="display: flex; flex-direction: row; -webkit-box-sizing: border-box; min-width: fit-content; width: fit-content"></div><div style="display: flex; flex-direction: row; -webkit-box-sizing: border-box; min-width: fit-content; width: fit-content; align-items: flex-end"><div style="display: flex; min-width: fit-content; width: fit-content; height: 13px; min-height: 13px; margin: 0px 2px 0px 0px"><span style="display: block; background-image: url(//static.coupangcdn.com/image/cmg/common/rating-star/RDS.png); background-repeat: no-repeat; width: 60px; height: 12px; background-size: 60px 24px; background-position: 0 -12px"><em style="display: block; background-image: url(//static.coupangcdn.com/image/cmg/common/rating-star/RDS.png); background-repeat: no-repeat; width: 90%; height: 12px; background-size: 60px 24px; background-position: 0 0"></em></span></div><div style="-webkit-line-clamp: 1; overflow: hidden; display: -webkit-box!important; -webkit-box-orient: vertical; min-width: fit-content; width: fit-content"><span style="font-size: 12px; font-weight: normal; color: rgba(118, 134, 149, 1); word-break: break-all; vertical-align: middle">(764)</span></div></div></div><div style="display: flex; flex-direction: column; width: 1px; min-width: 1px; align-self: stretch; margin: 0px 0px 16px 0px; background-color: rgba(238, 238, 238, 1)"></div></div><div style="display: flex; flex-direction: row; -webkit-box-sizing: border-box; min-width: fit-content; width: fit-content"><div style="display: flex; flex-direction: column; width: 124px; min-width: 124px; margin: 0px 12px 16px 12px" class="cmg-dco-carousel-item cmg-dco-carousel-product hover-style-E" data-adsplatform="{&quot;viewImpression&quot;: &quot;https://mercury.coupang.com/e.gif?r=db56fe80-8e1e-11f0-8d96-3586f517508d%7E2&amp;templateId=3880&quot;}"><div style="width: 124px; min-width: 124px; height: 124px;min-height: 124px; margin: 0px 0px 8px 0px; overflow: hidden"><img src="https://thumbnail1.coupangcdn.com/thumbnails/remote/292x292q65ex/image/vendor_inventory/daf2/d5fc629838dbaff34657836a17a3e5312b3e9e798e3e7ad6c93120f02e38.jpg" style="vertical-align: top; height: 100%; object-fit: contain; border-radius: 0px 0px 0px 0px; " class="main-image"></div><div style="-webkit-line-clamp: 100; overflow: hidden; display: -webkit-box!important; -webkit-box-orient: vertical; min-width: fit-content; width: fit-content; padding: 0px 0px 6px 0px"><span style="font-size: 12px; font-weight: bold; color: rgba(99, 115, 129, 1); word-break: break-all; vertical-align: middle">무료배송</span></div><div style="-webkit-line-clamp: 2; overflow: hidden; display: -webkit-box!important; -webkit-box-orient: vertical; width: 100%;; margin: 0px 0px 4px 0px"><span style="font-size: 14px; font-weight: normal; color: rgba(33, 43, 54, 1); word-break: break-all; vertical-align: middle" class="product-title">[재구매율1위] 서해안 활 숫꽃게 당일조업 수율보장 선별품 제철 꽃게 디아머스, 1개, 2kg 내외</span></div><div style="display: flex; flex-direction: row; -webkit-box-sizing: border-box; min-width: fit-content; width: fit-content; margin: 0px 0px 4px 0px; align-items: center"><div style="-webkit-line-clamp: 1; overflow: hidden; display: -webkit-box!important; -webkit-box-orient: vertical; min-width: fit-content; width: fit-content; margin: 0px 4px 0px 0px"><span style="font-size: 14px; font-weight: bold; color: rgba(203, 20, 0, 1); word-break: break-all; vertical-align: middle">27,800원</span></div></div><div style="display: flex; flex-direction: column; min-width: fit-content; width: fit-content; margin: 0px 0px 4px 0px"></div><div style="display: flex; flex-direction: row; -webkit-box-sizing: border-box; min-width: fit-content; width: fit-content"></div><div style="display: flex; flex-direction: row; -webkit-box-sizing: border-box; min-width: fit-content; width: fit-content; align-items: flex-end"><div style="display: flex; min-width: fit-content; width: fit-content; height: 13px; min-height: 13px; margin: 0px 2px 0px 0px"><span style="display: block; background-image: url(//static.coupangcdn.com/image/cmg/common/rating-star/RDS.png); background-repeat: no-repeat; width: 60px; height: 12px; background-size: 60px 24px; background-position: 0 -12px"><em style="display: block; background-image: url(//static.coupangcdn.com/image/cmg/common/rating-star/RDS.png); background-repeat: no-repeat; width: 100%; height: 12px; background-size: 60px 24px; background-position: 0 0"></em></span></div><div style="-webkit-line-clamp: 1; overflow: hidden; display: -webkit-box!important; -webkit-box-orient: vertical; min-width: fit-content; width: fit-content"><span style="font-size: 12px; font-weight: normal; color: rgba(118, 134, 149, 1); word-break: break-all; vertical-align: middle">(4)</span></div></div></div><div style="display: flex; flex-direction: column; width: 1px; min-width: 1px; align-self: stretch; margin: 0px 0px 16px 0px; background-color: rgba(238, 238, 238, 1)"></div></div><div style="display: flex; flex-direction: row; -webkit-box-sizing: border-box; min-width: fit-content; width: fit-content"><div style="display: flex; flex-direction: column; width: 124px; min-width: 124px; margin: 0px 12px 16px 12px" class="cmg-dco-carousel-item cmg-dco-carousel-product hover-style-E" data-adsplatform="{&quot;viewImpression&quot;: &quot;https://mercury.coupang.com/e.gif?r=db572590-8e1e-11f0-9b3b-f56de78fdee8%7E2&amp;templateId=3880&quot;}"><div style="width: 124px; min-width: 124px; height: 124px;min-height: 124px; margin: 0px 0px 8px 0px; overflow: hidden"><img src="https://thumbnail7.coupangcdn.com/thumbnails/remote/292x292q65ex/image/vendor_inventory/1358/6de0647d72da46b2dd63371fa440bb4c5282a1566ebc2c487e9e35be870a.jpg" style="vertical-align: top; height: 100%; object-fit: contain; border-radius: 0px 0px 0px 0px; " class="main-image"></div><div style="-webkit-line-clamp: 100; overflow: hidden; display: -webkit-box!important; -webkit-box-orient: vertical; min-width: fit-content; width: fit-content; padding: 0px 0px 6px 0px"><span style="font-size: 12px; font-weight: bold; color: rgba(99, 115, 129, 1); word-break: break-all; vertical-align: middle">무료배송</span></div><div style="-webkit-line-clamp: 2; overflow: hidden; display: -webkit-box!important; -webkit-box-orient: vertical; width: 100%;; margin: 0px 0px 4px 0px"><span style="font-size: 14px; font-weight: normal; color: rgba(33, 43, 54, 1); word-break: break-all; vertical-align: middle" class="product-title">플라이팜 당일조업 당일선별 싱싱한 서해안 활꽃게, 1개, 5kg</span></div><div style="display: flex; flex-direction: row; -webkit-box-sizing: border-box; min-width: fit-content; width: fit-content; margin: 0px 0px 4px 0px; align-items: center"><div style="-webkit-line-clamp: 1; overflow: hidden; display: -webkit-box!important; -webkit-box-orient: vertical; min-width: fit-content; width: fit-content; margin: 0px 4px 0px 0px"><span style="font-size: 14px; font-weight: bold; color: rgba(203, 20, 0, 1); word-break: break-all; vertical-align: middle">61,800원</span></div></div><div style="display: flex; flex-direction: column; min-width: fit-content; width: fit-content; margin: 0px 0px 4px 0px"></div><div style="display: flex; flex-direction: row; -webkit-box-sizing: border-box; min-width: fit-content; width: fit-content"><div style="display: flex; flex-direction: row; -webkit-box-sizing: border-box; min-width: fit-content; width: fit-content; height: 16px; min-height: 16px; padding: 0px 4px 1px 4px; margin: 0px 0px 6px 0px; background-color: rgba(225, 39, 5, 1); border-radius: 4px 4px 4px 4px; align-items: center"><div style="-webkit-line-clamp: 1; overflow: hidden; display: -webkit-box!important; -webkit-box-orient: vertical; min-width: fit-content; width: fit-content; margin: 0px 2px 0px 0px"><span style="font-size: 11px; font-weight: bold; color: rgba(255, 255, 255, 1); word-break: break-all; vertical-align: middle">36%</span></div><div style="-webkit-line-clamp: 1; overflow: hidden; display: -webkit-box!important; -webkit-box-orient: vertical; min-width: fit-content; width: fit-content"><span style="font-size: 11px; font-weight: bold; color: rgba(255, 255, 255, 1); word-break: break-all; vertical-align: middle">할인</span></div></div></div><div style="display: flex; flex-direction: row; -webkit-box-sizing: border-box; min-width: fit-content; width: fit-content; align-items: flex-end"><div style="display: flex; min-width: fit-content; width: fit-content; height: 13px; min-height: 13px; margin: 0px 2px 0px 0px"><span style="display: block; background-image: url(//static.coupangcdn.com/image/cmg/common/rating-star/RDS.png); background-repeat: no-repeat; width: 60px; height: 12px; background-size: 60px 24px; background-position: 0 -12px"><em style="display: block; background-image: url(//static.coupangcdn.com/image/cmg/common/rating-star/RDS.png); background-repeat: no-repeat; width: 80%; height: 12px; background-size: 60px 24px; background-position: 0 0"></em></span></div><div style="-webkit-line-clamp: 1; overflow: hidden; display: -webkit-box!important; -webkit-box-orient: vertical; min-width: fit-content; width: fit-content"><span style="font-size: 12px; font-weight: normal; color: rgba(118, 134, 149, 1); word-break: break-all; vertical-align: middle">(68)</span></div></div></div><div style="display: flex; flex-direction: column; width: 1px; min-width: 1px; align-self: stretch; margin: 0px 0px 16px 0px; background-color: rgba(238, 238, 238, 1)"></div></div><div style="display: flex; flex-direction: row; -webkit-box-sizing: border-box; min-width: fit-content; width: fit-content"><div style="display: flex; flex-direction: column; width: 124px; min-width: 124px; margin: 0px 12px 16px 12px" class="cmg-dco-carousel-item cmg-dco-carousel-product hover-style-E" data-adsplatform="{&quot;viewImpression&quot;: &quot;https://mercury.coupang.com/e.gif?r=db572590-8e1e-11f0-8616-9df5a6a1b4bf%7E2&amp;templateId=3880&quot;}"><div style="width: 124px; min-width: 124px; height: 124px;min-height: 124px; margin: 0px 0px 8px 0px; overflow: hidden"><img src="https://thumbnail11.coupangcdn.com/thumbnails/remote/292x292q65ex/image/vendor_inventory/7734/a516f680a31846cc5b0c73a4666befad11e2afbbe8520db4998eda315963.jpg" style="vertical-align: top; height: 100%; object-fit: contain; border-radius: 0px 0px 0px 0px; " class="main-image"></div><div style="-webkit-line-clamp: 100; overflow: hidden; display: -webkit-box!important; -webkit-box-orient: vertical; min-width: fit-content; width: fit-content; padding: 0px 0px 6px 0px"><span style="font-size: 12px; font-weight: bold; color: rgba(99, 115, 129, 1); word-break: break-all; vertical-align: middle">무료배송</span></div><div style="-webkit-line-clamp: 2; overflow: hidden; display: -webkit-box!important; -webkit-box-orient: vertical; width: 100%;; margin: 0px 0px 4px 0px"><span style="font-size: 14px; font-weight: normal; color: rgba(33, 43, 54, 1); word-break: break-all; vertical-align: middle" class="product-title">[특가할인] 암꽃게 간장게장 수제 20년 전통 여수맛집, 1개, 4kg</span></div><div style="display: flex; flex-direction: row; -webkit-box-sizing: border-box; min-width: fit-content; width: fit-content; margin: 0px 0px 4px 0px; align-items: center"><div style="-webkit-line-clamp: 1; overflow: hidden; display: -webkit-box!important; -webkit-box-orient: vertical; min-width: fit-content; width: fit-content; margin: 0px 4px 0px 0px"><span style="font-size: 14px; font-weight: bold; color: rgba(203, 20, 0, 1); word-break: break-all; vertical-align: middle">29,900원</span></div></div><div style="display: flex; flex-direction: column; min-width: fit-content; width: fit-content; margin: 0px 0px 4px 0px"></div><div style="display: flex; flex-direction: row; -webkit-box-sizing: border-box; min-width: fit-content; width: fit-content"></div><div style="display: flex; flex-direction: row; -webkit-box-sizing: border-box; min-width: fit-content; width: fit-content; align-items: flex-end"><div style="display: flex; min-width: fit-content; width: fit-content; height: 13px; min-height: 13px; margin: 0px 2px 0px 0px"><span style="display: block; background-image: url(//static.coupangcdn.com/image/cmg/common/rating-star/RDS.png); background-repeat: no-repeat; width: 60px; height: 12px; background-size: 60px 24px; background-position: 0 -12px"><em style="display: block; background-image: url(//static.coupangcdn.com/image/cmg/common/rating-star/RDS.png); background-repeat: no-repeat; width: 80%; height: 12px; background-size: 60px 24px; background-position: 0 0"></em></span></div><div style="-webkit-line-clamp: 1; overflow: hidden; display: -webkit-box!important; -webkit-box-orient: vertical; min-width: fit-content; width: fit-content"><span style="font-size: 12px; font-weight: normal; color: rgba(118, 134, 149, 1); word-break: break-all; vertical-align: middle">(589)</span></div></div></div><div style="display: flex; flex-direction: column; width: 1px; min-width: 1px; align-self: stretch; margin: 0px 0px 16px 0px; background-color: rgba(238, 238, 238, 1)"></div></div><div style="display: flex; flex-direction: row; -webkit-box-sizing: border-box; min-width: fit-content; width: fit-content"><div style="display: flex; flex-direction: column; width: 124px; min-width: 124px; margin: 0px 12px 16px 12px" class="cmg-dco-carousel-item cmg-dco-carousel-product hover-style-E" data-adsplatform="{&quot;viewImpression&quot;: &quot;https://mercury.coupang.com/e.gif?r=db572590-8e1e-11f0-89fd-e0ccb4dde8ea%7E2&amp;templateId=3880&quot;}"><div style="width: 124px; min-width: 124px; height: 124px;min-height: 124px; margin: 0px 0px 8px 0px; overflow: hidden"><img src="https://thumbnail10.coupangcdn.com/thumbnails/remote/292x292q65ex/image/vendor_inventory/8390/6442004c2ec623bd7fefc58311d7b507f750ff2c6aaa32844c11c32a6f8a.jpg" style="vertical-align: top; height: 100%; object-fit: contain; border-radius: 0px 0px 0px 0px; " class="main-image"></div><div style="-webkit-line-clamp: 2; overflow: hidden; display: -webkit-box!important; -webkit-box-orient: vertical; width: 100%;; margin: 0px 0px 4px 0px"><span style="font-size: 14px; font-weight: normal; color: rgba(33, 43, 54, 1); word-break: break-all; vertical-align: middle" class="product-title">[당일조업/산지직송] 서해 꽃게 안면도 제철 생물 활꽃게[ 특A급 ] 숫꽃게 가을꽃게 3kg, 1개, 숫 꽃게 3kg 특 (6~9미내외)</span></div><div style="display: flex; flex-direction: row; -webkit-box-sizing: border-box; min-width: fit-content; width: fit-content; margin: 0px 0px 4px 0px; align-items: center"><div style="-webkit-line-clamp: 1; overflow: hidden; display: -webkit-box!important; -webkit-box-orient: vertical; min-width: fit-content; width: fit-content; margin: 0px 4px 0px 0px"><span style="font-size: 14px; font-weight: bold; color: rgba(203, 20, 0, 1); word-break: break-all; vertical-align: middle">54,900원</span></div></div><div style="display: flex; flex-direction: column; min-width: fit-content; width: fit-content; margin: 0px 0px 4px 0px"></div><div style="display: flex; flex-direction: row; -webkit-box-sizing: border-box; min-width: fit-content; width: fit-content"></div><div style="display: flex; flex-direction: row; -webkit-box-sizing: border-box; min-width: fit-content; width: fit-content; align-items: flex-end"><div style="display: flex; min-width: fit-content; width: fit-content; height: 13px; min-height: 13px; margin: 0px 2px 0px 0px"><span style="display: block; background-image: url(//static.coupangcdn.com/image/cmg/common/rating-star/RDS.png); background-repeat: no-repeat; width: 60px; height: 12px; background-size: 60px 24px; background-position: 0 -12px"><em style="display: block; background-image: url(//static.coupangcdn.com/image/cmg/common/rating-star/RDS.png); background-repeat: no-repeat; width: 90%; height: 12px; background-size: 60px 24px; background-position: 0 0"></em></span></div><div style="-webkit-line-clamp: 1; overflow: hidden; display: -webkit-box!important; -webkit-box-orient: vertical; min-width: fit-content; width: fit-content"><span style="font-size: 12px; font-weight: normal; color: rgba(118, 134, 149, 1); word-break: break-all; vertical-align: middle">(9)</span></div></div></div><div style="display: flex; flex-direction: column; width: 1px; min-width: 1px; align-self: stretch; margin: 0px 0px 16px 0px; background-color: rgba(238, 238, 238, 1)"></div></div><div style="display: flex; flex-direction: row; -webkit-box-sizing: border-box; min-width: fit-content; width: fit-content"><div style="display: flex; flex-direction: column; width: 124px; min-width: 124px; margin: 0px 12px 16px 12px" class="cmg-dco-carousel-item cmg-dco-carousel-product hover-style-E" data-adsplatform="{&quot;viewImpression&quot;: &quot;https://mercury.coupang.com/e.gif?r=db572590-8e1e-11f0-9d6f-2fba26b04b19%7E2&amp;templateId=3880&quot;}"><div style="width: 124px; min-width: 124px; height: 124px;min-height: 124px; margin: 0px 0px 8px 0px; overflow: hidden"><img src="https://thumbnail3.coupangcdn.com/thumbnails/remote/292x292q65ex/image/vendor_inventory/bf0d/077313a5c0bc6e0d0dc82991a767624bd02e85f070f097040f63c0d4a135.jpg" style="vertical-align: top; height: 100%; object-fit: contain; border-radius: 0px 0px 0px 0px; " class="main-image"></div><div style="-webkit-line-clamp: 100; overflow: hidden; display: -webkit-box!important; -webkit-box-orient: vertical; min-width: fit-content; width: fit-content; padding: 0px 0px 6px 0px"><span style="font-size: 12px; font-weight: bold; color: rgba(99, 115, 129, 1); word-break: break-all; vertical-align: middle">무료배송</span></div><div style="-webkit-line-clamp: 2; overflow: hidden; display: -webkit-box!important; -webkit-box-orient: vertical; width: 100%;; margin: 0px 0px 4px 0px"><span style="font-size: 14px; font-weight: normal; color: rgba(33, 43, 54, 1); word-break: break-all; vertical-align: middle" class="product-title">영롱한수산 산지직송 국내산 살아있는 활 꽃게1kg (3-4미) 1박스, 1개, 1kg</span></div><div style="display: flex; flex-direction: row; -webkit-box-sizing: border-box; min-width: fit-content; width: fit-content; margin: 0px 0px 4px 0px; align-items: center"><div style="-webkit-line-clamp: 1; overflow: hidden; display: -webkit-box!important; -webkit-box-orient: vertical; min-width: fit-content; width: fit-content; margin: 0px 4px 0px 0px"><span style="font-size: 14px; font-weight: bold; color: rgba(203, 20, 0, 1); word-break: break-all; vertical-align: middle">19,900원</span></div></div><div style="display: flex; flex-direction: column; min-width: fit-content; width: fit-content; margin: 0px 0px 4px 0px"></div><div style="display: flex; flex-direction: row; -webkit-box-sizing: border-box; min-width: fit-content; width: fit-content"></div><div style="display: flex; flex-direction: row; -webkit-box-sizing: border-box; min-width: fit-content; width: fit-content; align-items: flex-end"><div style="display: flex; min-width: fit-content; width: fit-content; height: 13px; min-height: 13px; margin: 0px 2px 0px 0px"><span style="display: block; background-image: url(//static.coupangcdn.com/image/cmg/common/rating-star/RDS.png); background-repeat: no-repeat; width: 60px; height: 12px; background-size: 60px 24px; background-position: 0 -12px"><em style="display: block; background-image: url(//static.coupangcdn.com/image/cmg/common/rating-star/RDS.png); background-repeat: no-repeat; width: 100%; height: 12px; background-size: 60px 24px; background-position: 0 0"></em></span></div><div style="-webkit-line-clamp: 1; overflow: hidden; display: -webkit-box!important; -webkit-box-orient: vertical; min-width: fit-content; width: fit-content"><span style="font-size: 12px; font-weight: normal; color: rgba(118, 134, 149, 1); word-break: break-all; vertical-align: middle">(10)</span></div></div></div><div style="display: flex; flex-direction: column; width: 1px; min-width: 1px; align-self: stretch; margin: 0px 0px 16px 0px; background-color: rgba(238, 238, 238, 1)"></div></div><div style="display: flex; flex-direction: row; -webkit-box-sizing: border-box; min-width: fit-content; width: fit-content"><div style="display: flex; flex-direction: column; width: 124px; min-width: 124px; margin: 0px 12px 16px 12px" class="cmg-dco-carousel-item cmg-dco-carousel-product hover-style-E" data-adsplatform="{&quot;viewImpression&quot;: &quot;https://mercury.coupang.com/e.gif?r=db572590-8e1e-11f0-b729-433bbb802a5f%7E2&amp;templateId=3880&quot;}"><div style="width: 124px; min-width: 124px; height: 124px;min-height: 124px; margin: 0px 0px 8px 0px; overflow: hidden"><img src="https://thumbnail6.coupangcdn.com/thumbnails/remote/292x292q65ex/image/vendor_inventory/c6fa/291381bb6a47db0e563a1df3c81017f71a4f2241ab508b3ab83edd7850d1.png" style="vertical-align: top; height: 100%; object-fit: contain; border-radius: 0px 0px 0px 0px; " class="main-image"></div><div style="-webkit-line-clamp: 100; overflow: hidden; display: -webkit-box!important; -webkit-box-orient: vertical; min-width: fit-content; width: fit-content; padding: 0px 0px 6px 0px"><span style="font-size: 12px; font-weight: bold; color: rgba(99, 115, 129, 1); word-break: break-all; vertical-align: middle">무료배송</span></div><div style="-webkit-line-clamp: 2; overflow: hidden; display: -webkit-box!important; -webkit-box-orient: vertical; width: 100%;; margin: 0px 0px 4px 0px"><span style="font-size: 14px; font-weight: normal; color: rgba(33, 43, 54, 1); word-break: break-all; vertical-align: middle" class="product-title">[청춘찬가]연평도 암꽃게 간장게장 꽉찬 알배기 국내산, 2.5kg, 1개</span></div><div style="display: flex; flex-direction: row; -webkit-box-sizing: border-box; min-width: fit-content; width: fit-content; margin: 0px 0px 4px 0px; align-items: center"><div style="-webkit-line-clamp: 1; overflow: hidden; display: -webkit-box!important; -webkit-box-orient: vertical; min-width: fit-content; width: fit-content; margin: 0px 4px 0px 0px"><span style="font-size: 14px; font-weight: bold; color: rgba(203, 20, 0, 1); word-break: break-all; vertical-align: middle">33,800원</span></div></div><div style="display: flex; flex-direction: column; min-width: fit-content; width: fit-content; margin: 0px 0px 4px 0px"></div><div style="display: flex; flex-direction: row; -webkit-box-sizing: border-box; min-width: fit-content; width: fit-content"><div style="display: flex; flex-direction: row; -webkit-box-sizing: border-box; min-width: fit-content; width: fit-content; height: 16px; min-height: 16px; padding: 0px 4px 1px 4px; margin: 0px 0px 6px 0px; background-color: rgba(225, 39, 5, 1); border-radius: 4px 4px 4px 4px; align-items: center"><div style="-webkit-line-clamp: 1; overflow: hidden; display: -webkit-box!important; -webkit-box-orient: vertical; min-width: fit-content; width: fit-content; margin: 0px 2px 0px 0px"><span style="font-size: 11px; font-weight: bold; color: rgba(255, 255, 255, 1); word-break: break-all; vertical-align: middle">32%</span></div><div style="-webkit-line-clamp: 1; overflow: hidden; display: -webkit-box!important; -webkit-box-orient: vertical; min-width: fit-content; width: fit-content"><span style="font-size: 11px; font-weight: bold; color: rgba(255, 255, 255, 1); word-break: break-all; vertical-align: middle">할인</span></div></div></div><div style="display: flex; flex-direction: row; -webkit-box-sizing: border-box; min-width: fit-content; width: fit-content; align-items: flex-end"><div style="display: flex; min-width: fit-content; width: fit-content; height: 13px; min-height: 13px; margin: 0px 2px 0px 0px"><span style="display: block; background-image: url(//static.coupangcdn.com/image/cmg/common/rating-star/RDS.png); background-repeat: no-repeat; width: 60px; height: 12px; background-size: 60px 24px; background-position: 0 -12px"><em style="display: block; background-image: url(//static.coupangcdn.com/image/cmg/common/rating-star/RDS.png); background-repeat: no-repeat; width: 100%; height: 12px; background-size: 60px 24px; background-position: 0 0"></em></span></div><div style="-webkit-line-clamp: 1; overflow: hidden; display: -webkit-box!important; -webkit-box-orient: vertical; min-width: fit-content; width: fit-content"><span style="font-size: 12px; font-weight: normal; color: rgba(118, 134, 149, 1); word-break: break-all; vertical-align: middle">(10)</span></div></div></div><div style="display: flex; flex-direction: column; width: 1px; min-width: 1px; align-self: stretch; margin: 0px 0px 16px 0px; background-color: rgba(238, 238, 238, 1)"></div></div><div style="display: flex; flex-direction: row; -webkit-box-sizing: border-box; min-width: fit-content; width: fit-content"><div style="display: flex; flex-direction: column; width: 124px; min-width: 124px; margin: 0px 12px 16px 12px" class="cmg-dco-carousel-item cmg-dco-carousel-product hover-style-E" data-adsplatform="{&quot;viewImpression&quot;: &quot;https://mercury.coupang.com/e.gif?r=db572590-8e1e-11f0-9e2f-d94568afa45b%7E2&amp;templateId=3880&quot;}"><div style="width: 124px; min-width: 124px; height: 124px;min-height: 124px; margin: 0px 0px 8px 0px; overflow: hidden"><img src="https://thumbnail2.coupangcdn.com/thumbnails/remote/292x292q65ex/image/vendor_inventory/207b/deefdb2f4d59cc3484a2b0193eb71075fe6229bf869f6b07df299a0a7a36.jpg" style="vertical-align: top; height: 100%; object-fit: contain; border-radius: 0px 0px 0px 0px; " class="main-image"></div><div style="-webkit-line-clamp: 100; overflow: hidden; display: -webkit-box!important; -webkit-box-orient: vertical; min-width: fit-content; width: fit-content; padding: 0px 0px 6px 0px"><span style="font-size: 12px; font-weight: bold; color: rgba(99, 115, 129, 1); word-break: break-all; vertical-align: middle">무료배송</span></div><div style="-webkit-line-clamp: 2; overflow: hidden; display: -webkit-box!important; -webkit-box-orient: vertical; width: 100%;; margin: 0px 0px 4px 0px"><span style="font-size: 14px; font-weight: normal; color: rgba(33, 43, 54, 1); word-break: break-all; vertical-align: middle" class="product-title">씨푸드코리아 국내산 연평도 암꽃게 간장게장 4~5미, 2.5kg, 1개</span></div><div style="display: flex; flex-direction: row; -webkit-box-sizing: border-box; min-width: fit-content; width: fit-content; margin: 0px 0px 4px 0px; align-items: center"><div style="-webkit-line-clamp: 1; overflow: hidden; display: -webkit-box!important; -webkit-box-orient: vertical; min-width: fit-content; width: fit-content; margin: 0px 4px 0px 0px"><span style="font-size: 14px; font-weight: bold; color: rgba(203, 20, 0, 1); word-break: break-all; vertical-align: middle">27,730원</span></div></div><div style="display: flex; flex-direction: column; min-width: fit-content; width: fit-content; margin: 0px 0px 4px 0px"></div><div style="display: flex; flex-direction: row; -webkit-box-sizing: border-box; min-width: fit-content; width: fit-content"></div><div style="display: flex; flex-direction: row; -webkit-box-sizing: border-box; min-width: fit-content; width: fit-content; align-items: flex-end"><div style="display: flex; min-width: fit-content; width: fit-content; height: 13px; min-height: 13px; margin: 0px 2px 0px 0px"><span style="display: block; background-image: url(//static.coupangcdn.com/image/cmg/common/rating-star/RDS.png); background-repeat: no-repeat; width: 60px; height: 12px; background-size: 60px 24px; background-position: 0 -12px"><em style="display: block; background-image: url(//static.coupangcdn.com/image/cmg/common/rating-star/RDS.png); background-repeat: no-repeat; width: 90%; height: 12px; background-size: 60px 24px; background-position: 0 0"></em></span></div><div style="-webkit-line-clamp: 1; overflow: hidden; display: -webkit-box!important; -webkit-box-orient: vertical; min-width: fit-content; width: fit-content"><span style="font-size: 12px; font-weight: normal; color: rgba(118, 134, 149, 1); word-break: break-all; vertical-align: middle">(5,381)</span></div></div></div><div style="display: flex; flex-direction: column; width: 1px; min-width: 1px; align-self: stretch; margin: 0px 0px 16px 0px; background-color: rgba(238, 238, 238, 1)"></div></div><div style="display: flex; flex-direction: row; -webkit-box-sizing: border-box; min-width: fit-content; width: fit-content"><div style="display: flex; flex-direction: column; width: 124px; min-width: 124px; margin: 0px 12px 16px 12px" class="cmg-dco-carousel-item cmg-dco-carousel-product hover-style-E" data-adsplatform="{&quot;viewImpression&quot;: &quot;https://mercury.coupang.com/e.gif?r=db572590-8e1e-11f0-aba7-1007619f8180%7E2&amp;templateId=3880&quot;}"><div style="width: 124px; min-width: 124px; height: 124px;min-height: 124px; margin: 0px 0px 8px 0px; overflow: hidden"><img src="https://thumbnail3.coupangcdn.com/thumbnails/remote/292x292q65ex/image/vendor_inventory/image_audit/stage/manual/2f73f6c1ab5cf5deedeeb00ad1df8119de1c106454cb735305a4362e00ba_1756346649317.png" style="vertical-align: top; height: 100%; object-fit: contain; border-radius: 0px 0px 0px 0px; " class="main-image"></div><div style="-webkit-line-clamp: 2; overflow: hidden; display: -webkit-box!important; -webkit-box-orient: vertical; width: 100%;; margin: 0px 0px 4px 0px"><span style="font-size: 14px; font-weight: normal; color: rgba(33, 43, 54, 1); word-break: break-all; vertical-align: middle" class="product-title">산지직송 싱싱수산 제철 서해 100% 빙장 A급 활 숫꽃게 1kg, 1개, 숫꽃게 1kg (3~5미)</span></div><div style="display: flex; flex-direction: row; -webkit-box-sizing: border-box; min-width: fit-content; width: fit-content; margin: 0px 0px 4px 0px; align-items: center"><div style="-webkit-line-clamp: 1; overflow: hidden; display: -webkit-box!important; -webkit-box-orient: vertical; min-width: fit-content; width: fit-content; margin: 0px 4px 0px 0px"><span style="font-size: 14px; font-weight: bold; color: rgba(203, 20, 0, 1); word-break: break-all; vertical-align: middle">13,600원</span></div></div><div style="display: flex; flex-direction: column; min-width: fit-content; width: fit-content; margin: 0px 0px 4px 0px"></div><div style="display: flex; flex-direction: row; -webkit-box-sizing: border-box; min-width: fit-content; width: fit-content"></div><div style="display: flex; flex-direction: row; -webkit-box-sizing: border-box; min-width: fit-content; width: fit-content; align-items: flex-end"></div></div><div style="display: flex; flex-direction: column; width: 1px; min-width: 1px; align-self: stretch; margin: 0px 0px 16px 0px; background-color: rgba(238, 238, 238, 1)"></div></div><div style="display: flex; flex-direction: row; -webkit-box-sizing: border-box; min-width: fit-content; width: fit-content"><div style="display: flex; flex-direction: column; width: 124px; min-width: 124px; margin: 0px 12px 16px 12px" class="cmg-dco-carousel-item cmg-dco-carousel-product hover-style-E" data-adsplatform="{&quot;viewImpression&quot;: &quot;https://mercury.coupang.com/e.gif?r=db574ca0-8e1e-11f0-acb9-c9456cd4aed0%7E2&amp;templateId=3880&quot;}"><div style="width: 124px; min-width: 124px; height: 124px;min-height: 124px; margin: 0px 0px 8px 0px; overflow: hidden"><img src="https://thumbnail15.coupangcdn.com/thumbnails/remote/292x292q65ex/image/vendor_inventory/e7a9/d3671e22af071c55b7536e20bd512cb2743fb5c8c3df1cf94047b299b58e.jpg" style="vertical-align: top; height: 100%; object-fit: contain; border-radius: 0px 0px 0px 0px; " class="main-image"></div><div style="-webkit-line-clamp: 100; overflow: hidden; display: -webkit-box!important; -webkit-box-orient: vertical; min-width: fit-content; width: fit-content; padding: 0px 0px 6px 0px"><span style="font-size: 12px; font-weight: bold; color: rgba(99, 115, 129, 1); word-break: break-all; vertical-align: middle">무료배송</span></div><div style="-webkit-line-clamp: 2; overflow: hidden; display: -webkit-box!important; -webkit-box-orient: vertical; width: 100%;; margin: 0px 0px 4px 0px"><span style="font-size: 14px; font-weight: normal; color: rgba(33, 43, 54, 1); word-break: break-all; vertical-align: middle" class="product-title">[모든반찬] 간장게장 모듬장(암꽃게장+완도전복장+소라장+새우장) 2.3kg, 1개</span></div><div style="display: flex; flex-direction: row; -webkit-box-sizing: border-box; min-width: fit-content; width: fit-content; margin: 0px 0px 4px 0px; align-items: center"><div style="-webkit-line-clamp: 1; overflow: hidden; display: -webkit-box!important; -webkit-box-orient: vertical; min-width: fit-content; width: fit-content; margin: 0px 4px 0px 0px"><span style="font-size: 14px; font-weight: bold; color: rgba(203, 20, 0, 1); word-break: break-all; vertical-align: middle">32,000원</span></div></div><div style="display: flex; flex-direction: column; min-width: fit-content; width: fit-content; margin: 0px 0px 4px 0px"></div><div style="display: flex; flex-direction: row; -webkit-box-sizing: border-box; min-width: fit-content; width: fit-content"></div><div style="display: flex; flex-direction: row; -webkit-box-sizing: border-box; min-width: fit-content; width: fit-content; align-items: flex-end"><div style="display: flex; min-width: fit-content; width: fit-content; height: 13px; min-height: 13px; margin: 0px 2px 0px 0px"><span style="display: block; background-image: url(//static.coupangcdn.com/image/cmg/common/rating-star/RDS.png); background-repeat: no-repeat; width: 60px; height: 12px; background-size: 60px 24px; background-position: 0 -12px"><em style="display: block; background-image: url(//static.coupangcdn.com/image/cmg/common/rating-star/RDS.png); background-repeat: no-repeat; width: 90%; height: 12px; background-size: 60px 24px; background-position: 0 0"></em></span></div><div style="-webkit-line-clamp: 1; overflow: hidden; display: -webkit-box!important; -webkit-box-orient: vertical; min-width: fit-content; width: fit-content"><span style="font-size: 12px; font-weight: normal; color: rgba(118, 134, 149, 1); word-break: break-all; vertical-align: middle">(5,488)</span></div></div></div><div style="display: flex; flex-direction: column; width: 1px; min-width: 1px; align-self: stretch; margin: 0px 0px 16px 0px; background-color: rgba(238, 238, 238, 1)"></div></div><div style="display: flex; flex-direction: row; -webkit-box-sizing: border-box; min-width: fit-content; width: fit-content"><div style="display: flex; flex-direction: column; width: 124px; min-width: 124px; margin: 0px 12px 16px 12px" class="cmg-dco-carousel-item cmg-dco-carousel-product hover-style-E" data-adsplatform="{&quot;viewImpression&quot;: &quot;https://mercury.coupang.com/e.gif?r=db574ca0-8e1e-11f0-9941-7b14e9b1bebb%7E2&amp;templateId=3880&quot;}"><div style="width: 124px; min-width: 124px; height: 124px;min-height: 124px; margin: 0px 0px 8px 0px; overflow: hidden"><img src="https://thumbnail5.coupangcdn.com/thumbnails/remote/292x292q65ex/image/vendor_inventory/2f57/1b47e9b5326223e7787e077124f86a1e2c6b5190e025531c21dabd0133b4.jpg" style="vertical-align: top; height: 100%; object-fit: contain; border-radius: 0px 0px 0px 0px; " class="main-image"></div><div style="-webkit-line-clamp: 100; overflow: hidden; display: -webkit-box!important; -webkit-box-orient: vertical; min-width: fit-content; width: fit-content; padding: 0px 0px 6px 0px"><span style="font-size: 12px; font-weight: bold; color: rgba(99, 115, 129, 1); word-break: break-all; vertical-align: middle">무료배송</span></div><div style="-webkit-line-clamp: 2; overflow: hidden; display: -webkit-box!important; -webkit-box-orient: vertical; width: 100%;; margin: 0px 0px 4px 0px"><span style="font-size: 14px; font-weight: normal; color: rgba(33, 43, 54, 1); word-break: break-all; vertical-align: middle" class="product-title">[선별특품] 서해안 활 숫꽃게 당일조업 살이꽉찬 제철 꽃게 디아머스, 1박스, 2kg</span></div><div style="display: flex; flex-direction: row; -webkit-box-sizing: border-box; min-width: fit-content; width: fit-content; margin: 0px 0px 4px 0px; align-items: center"><div style="-webkit-line-clamp: 1; overflow: hidden; display: -webkit-box!important; -webkit-box-orient: vertical; min-width: fit-content; width: fit-content; margin: 0px 4px 0px 0px"><span style="font-size: 14px; font-weight: bold; color: rgba(203, 20, 0, 1); word-break: break-all; vertical-align: middle">28,920원</span></div></div><div style="display: flex; flex-direction: column; min-width: fit-content; width: fit-content; margin: 0px 0px 4px 0px"></div><div style="display: flex; flex-direction: row; -webkit-box-sizing: border-box; min-width: fit-content; width: fit-content"></div><div style="display: flex; flex-direction: row; -webkit-box-sizing: border-box; min-width: fit-content; width: fit-content; align-items: flex-end"><div style="display: flex; min-width: fit-content; width: fit-content; height: 13px; min-height: 13px; margin: 0px 2px 0px 0px"><span style="display: block; background-image: url(//static.coupangcdn.com/image/cmg/common/rating-star/RDS.png); background-repeat: no-repeat; width: 60px; height: 12px; background-size: 60px 24px; background-position: 0 -12px"><em style="display: block; background-image: url(//static.coupangcdn.com/image/cmg/common/rating-star/RDS.png); background-repeat: no-repeat; width: 100%; height: 12px; background-size: 60px 24px; background-position: 0 0"></em></span></div><div style="-webkit-line-clamp: 1; overflow: hidden; display: -webkit-box!important; -webkit-box-orient: vertical; min-width: fit-content; width: fit-content"><span style="font-size: 12px; font-weight: normal; color: rgba(118, 134, 149, 1); word-break: break-all; vertical-align: middle">(3)</span></div></div></div><div style="display: flex; flex-direction: column; width: 1px; min-width: 1px; align-self: stretch; margin: 0px 0px 16px 0px; background-color: rgba(238, 238, 238, 1)"></div></div><div style="display: flex; flex-direction: row; -webkit-box-sizing: border-box; min-width: fit-content; width: fit-content"><div style="display: flex; flex-direction: column; width: 124px; min-width: 124px; margin: 0px 12px 16px 12px" class="cmg-dco-carousel-item cmg-dco-carousel-product hover-style-E" data-adsplatform="{&quot;viewImpression&quot;: &quot;https://mercury.coupang.com/e.gif?r=db574ca0-8e1e-11f0-9d76-a5dda4023c88%7E2&amp;templateId=3880&quot;}"><div style="width: 124px; min-width: 124px; height: 124px;min-height: 124px; margin: 0px 0px 8px 0px; overflow: hidden"><img src="https://thumbnail13.coupangcdn.com/thumbnails/remote/292x292q65ex/image/vendor_inventory/8390/6442004c2ec623bd7fefc58311d7b507f750ff2c6aaa32844c11c32a6f8a.jpg" style="vertical-align: top; height: 100%; object-fit: contain; border-radius: 0px 0px 0px 0px; " class="main-image"></div><div style="-webkit-line-clamp: 2; overflow: hidden; display: -webkit-box!important; -webkit-box-orient: vertical; width: 100%;; margin: 0px 0px 4px 0px"><span style="font-size: 14px; font-weight: normal; color: rgba(33, 43, 54, 1); word-break: break-all; vertical-align: middle" class="product-title">[당일조업/산지직송] 서해 꽃게 안면도 생물 활 꽃게 숫꽃게 가을꽃게 2kg, 1개, 숫 꽃게 2kg 특 (4~6미내외)</span></div><div style="display: flex; flex-direction: row; -webkit-box-sizing: border-box; min-width: fit-content; width: fit-content; margin: 0px 0px 4px 0px; align-items: center"><div style="-webkit-line-clamp: 1; overflow: hidden; display: -webkit-box!important; -webkit-box-orient: vertical; min-width: fit-content; width: fit-content; margin: 0px 4px 0px 0px"><span style="font-size: 14px; font-weight: bold; color: rgba(203, 20, 0, 1); word-break: break-all; vertical-align: middle">35,900원</span></div></div><div style="display: flex; flex-direction: column; min-width: fit-content; width: fit-content; margin: 0px 0px 4px 0px"></div><div style="display: flex; flex-direction: row; -webkit-box-sizing: border-box; min-width: fit-content; width: fit-content"></div><div style="display: flex; flex-direction: row; -webkit-box-sizing: border-box; min-width: fit-content; width: fit-content; align-items: flex-end"><div style="display: flex; min-width: fit-content; width: fit-content; height: 13px; min-height: 13px; margin: 0px 2px 0px 0px"><span style="display: block; background-image: url(//static.coupangcdn.com/image/cmg/common/rating-star/RDS.png); background-repeat: no-repeat; width: 60px; height: 12px; background-size: 60px 24px; background-position: 0 -12px"><em style="display: block; background-image: url(//static.coupangcdn.com/image/cmg/common/rating-star/RDS.png); background-repeat: no-repeat; width: 90%; height: 12px; background-size: 60px 24px; background-position: 0 0"></em></span></div><div style="-webkit-line-clamp: 1; overflow: hidden; display: -webkit-box!important; -webkit-box-orient: vertical; min-width: fit-content; width: fit-content"><span style="font-size: 12px; font-weight: normal; color: rgba(118, 134, 149, 1); word-break: break-all; vertical-align: middle">(2)</span></div></div></div><div style="display: flex; flex-direction: column; width: 1px; min-width: 1px; align-self: stretch; margin: 0px 0px 16px 0px; background-color: rgba(238, 238, 238, 1)"></div></div><div style="display: flex; flex-direction: row; -webkit-box-sizing: border-box; min-width: fit-content; width: fit-content"><div style="display: flex; flex-direction: column; width: 124px; min-width: 124px; margin: 0px 12px 16px 12px" class="cmg-dco-carousel-item cmg-dco-carousel-product hover-style-E" data-adsplatform="{&quot;viewImpression&quot;: &quot;https://mercury.coupang.com/e.gif?r=db574ca0-8e1e-11f0-a3eb-9a25820cee15%7E2&amp;templateId=3880&quot;}"><div style="width: 124px; min-width: 124px; height: 124px;min-height: 124px; margin: 0px 0px 8px 0px; overflow: hidden"><img src="https://thumbnail10.coupangcdn.com/thumbnails/remote/292x292q65ex/image/vendor_inventory/032e/5de653c93a2fe413130b8703a7f1ceb3f3a5c70f12c29f725840d6efde37.jpg" style="vertical-align: top; height: 100%; object-fit: contain; border-radius: 0px 0px 0px 0px; " class="main-image"></div><div style="-webkit-line-clamp: 100; overflow: hidden; display: -webkit-box!important; -webkit-box-orient: vertical; min-width: fit-content; width: fit-content; padding: 0px 0px 6px 0px"><span style="font-size: 12px; font-weight: bold; color: rgba(99, 115, 129, 1); word-break: break-all; vertical-align: middle">무료배송</span></div><div style="-webkit-line-clamp: 2; overflow: hidden; display: -webkit-box!important; -webkit-box-orient: vertical; width: 100%;; margin: 0px 0px 4px 0px"><span style="font-size: 14px; font-weight: normal; color: rgba(33, 43, 54, 1); word-break: break-all; vertical-align: middle" class="product-title">[연평도 암꽃게] 간단한식사 추천 혼밥 간장게장, 1개, 750g</span></div><div style="display: flex; flex-direction: row; -webkit-box-sizing: border-box; min-width: fit-content; width: fit-content; margin: 0px 0px 4px 0px; align-items: center"><div style="-webkit-line-clamp: 1; overflow: hidden; display: -webkit-box!important; -webkit-box-orient: vertical; min-width: fit-content; width: fit-content; margin: 0px 4px 0px 0px"><span style="font-size: 14px; font-weight: bold; color: rgba(203, 20, 0, 1); word-break: break-all; vertical-align: middle">16,830원</span></div></div><div style="display: flex; flex-direction: column; min-width: fit-content; width: fit-content; margin: 0px 0px 4px 0px"></div><div style="display: flex; flex-direction: row; -webkit-box-sizing: border-box; min-width: fit-content; width: fit-content"><div style="display: flex; flex-direction: row; -webkit-box-sizing: border-box; min-width: fit-content; width: fit-content; height: 16px; min-height: 16px; padding: 0px 4px 1px 4px; margin: 0px 0px 6px 0px; background-color: rgba(225, 39, 5, 1); border-radius: 4px 4px 4px 4px; align-items: center"><div style="-webkit-line-clamp: 1; overflow: hidden; display: -webkit-box!important; -webkit-box-orient: vertical; min-width: fit-content; width: fit-content; margin: 0px 2px 0px 0px"><span style="font-size: 11px; font-weight: bold; color: rgba(255, 255, 255, 1); word-break: break-all; vertical-align: middle">51%</span></div><div style="-webkit-line-clamp: 1; overflow: hidden; display: -webkit-box!important; -webkit-box-orient: vertical; min-width: fit-content; width: fit-content"><span style="font-size: 11px; font-weight: bold; color: rgba(255, 255, 255, 1); word-break: break-all; vertical-align: middle">할인</span></div></div></div><div style="display: flex; flex-direction: row; -webkit-box-sizing: border-box; min-width: fit-content; width: fit-content; align-items: flex-end"><div style="display: flex; min-width: fit-content; width: fit-content; height: 13px; min-height: 13px; margin: 0px 2px 0px 0px"><span style="display: block; background-image: url(//static.coupangcdn.com/image/cmg/common/rating-star/RDS.png); background-repeat: no-repeat; width: 60px; height: 12px; background-size: 60px 24px; background-position: 0 -12px"><em style="display: block; background-image: url(//static.coupangcdn.com/image/cmg/common/rating-star/RDS.png); background-repeat: no-repeat; width: 100%; height: 12px; background-size: 60px 24px; background-position: 0 0"></em></span></div><div style="-webkit-line-clamp: 1; overflow: hidden; display: -webkit-box!important; -webkit-box-orient: vertical; min-width: fit-content; width: fit-content"><span style="font-size: 12px; font-weight: normal; color: rgba(118, 134, 149, 1); word-break: break-all; vertical-align: middle">(11)</span></div></div></div><div style="display: flex; flex-direction: column; width: 1px; min-width: 1px; align-self: stretch; margin: 0px 0px 16px 0px; background-color: rgba(238, 238, 238, 1)"></div></div><div style="display: flex; flex-direction: row; -webkit-box-sizing: border-box; min-width: fit-content; width: fit-content"><div style="display: flex; flex-direction: column; width: 124px; min-width: 124px; margin: 0px 12px 16px 12px" class="cmg-dco-carousel-item cmg-dco-carousel-product hover-style-E" data-adsplatform="{&quot;viewImpression&quot;: &quot;https://mercury.coupang.com/e.gif?r=db574ca0-8e1e-11f0-bae8-d909877e334f%7E2&amp;templateId=3880&quot;}"><div style="width: 124px; min-width: 124px; height: 124px;min-height: 124px; margin: 0px 0px 8px 0px; overflow: hidden"><img src="https://thumbnail14.coupangcdn.com/thumbnails/remote/292x292q65ex/image/vendor_inventory/0748/dd8702d3d8220c24572ed7cee949d32344c778348a4ce736cc0b31b26e1c.jpg" style="vertical-align: top; height: 100%; object-fit: contain; border-radius: 0px 0px 0px 0px; " class="main-image"></div><div style="-webkit-line-clamp: 100; overflow: hidden; display: -webkit-box!important; -webkit-box-orient: vertical; min-width: fit-content; width: fit-content; padding: 0px 0px 6px 0px"><span style="font-size: 12px; font-weight: bold; color: rgba(99, 115, 129, 1); word-break: break-all; vertical-align: middle">무료배송</span></div><div style="-webkit-line-clamp: 2; overflow: hidden; display: -webkit-box!important; -webkit-box-orient: vertical; width: 100%;; margin: 0px 0px 4px 0px"><span style="font-size: 14px; font-weight: normal; color: rgba(33, 43, 54, 1); word-break: break-all; vertical-align: middle" class="product-title">[가성비 1등] 알배기 간장게장 100% 암꽃게장, 1개, 4kg</span></div><div style="display: flex; flex-direction: row; -webkit-box-sizing: border-box; min-width: fit-content; width: fit-content; margin: 0px 0px 4px 0px; align-items: center"><div style="-webkit-line-clamp: 1; overflow: hidden; display: -webkit-box!important; -webkit-box-orient: vertical; min-width: fit-content; width: fit-content; margin: 0px 4px 0px 0px"><span style="font-size: 14px; font-weight: bold; color: rgba(203, 20, 0, 1); word-break: break-all; vertical-align: middle">29,500원</span></div></div><div style="display: flex; flex-direction: column; min-width: fit-content; width: fit-content; margin: 0px 0px 4px 0px"></div><div style="display: flex; flex-direction: row; -webkit-box-sizing: border-box; min-width: fit-content; width: fit-content"></div><div style="display: flex; flex-direction: row; -webkit-box-sizing: border-box; min-width: fit-content; width: fit-content; align-items: flex-end"><div style="display: flex; min-width: fit-content; width: fit-content; height: 13px; min-height: 13px; margin: 0px 2px 0px 0px"><span style="display: block; background-image: url(//static.coupangcdn.com/image/cmg/common/rating-star/RDS.png); background-repeat: no-repeat; width: 60px; height: 12px; background-size: 60px 24px; background-position: 0 -12px"><em style="display: block; background-image: url(//static.coupangcdn.com/image/cmg/common/rating-star/RDS.png); background-repeat: no-repeat; width: 90%; height: 12px; background-size: 60px 24px; background-position: 0 0"></em></span></div><div style="-webkit-line-clamp: 1; overflow: hidden; display: -webkit-box!important; -webkit-box-orient: vertical; min-width: fit-content; width: fit-content"><span style="font-size: 12px; font-weight: normal; color: rgba(118, 134, 149, 1); word-break: break-all; vertical-align: middle">(71)</span></div></div></div><div style="display: flex; flex-direction: column; width: 1px; min-width: 1px; align-self: stretch; margin: 0px 0px 16px 0px; background-color: rgba(238, 238, 238, 1)"></div></div><div style="display: flex; flex-direction: row; -webkit-box-sizing: border-box; min-width: fit-content; width: fit-content"><div style="display: flex; flex-direction: column; width: 124px; min-width: 124px; margin: 0px 12px 16px 12px" class="cmg-dco-carousel-item cmg-dco-carousel-product hover-style-E" data-adsplatform="{&quot;viewImpression&quot;: &quot;https://mercury.coupang.com/e.gif?r=db574ca0-8e1e-11f0-9c28-a45567fb9afb%7E2&amp;templateId=3880&quot;}"><div style="width: 124px; min-width: 124px; height: 124px;min-height: 124px; margin: 0px 0px 8px 0px; overflow: hidden"><img src="https://thumbnail12.coupangcdn.com/thumbnails/remote/292x292q65ex/image/vendor_inventory/ff78/4647ce0e93abf55b728782f1e478ee17a51b8c68d0d0523f9fbdbae4a83d.png" style="vertical-align: top; height: 100%; object-fit: contain; border-radius: 0px 0px 0px 0px; " class="main-image"></div><div style="-webkit-line-clamp: 100; overflow: hidden; display: -webkit-box!important; -webkit-box-orient: vertical; min-width: fit-content; width: fit-content; padding: 0px 0px 6px 0px"><span style="font-size: 12px; font-weight: bold; color: rgba(99, 115, 129, 1); word-break: break-all; vertical-align: middle">무료배송</span></div><div style="-webkit-line-clamp: 2; overflow: hidden; display: -webkit-box!important; -webkit-box-orient: vertical; width: 100%;; margin: 0px 0px 4px 0px"><span style="font-size: 14px; font-weight: normal; color: rgba(33, 43, 54, 1); word-break: break-all; vertical-align: middle" class="product-title">[정담장 국내산 연평도] 암꽃게 간장게장 3kg 알배기 밥도둑 맛집, 1개</span></div><div style="display: flex; flex-direction: row; -webkit-box-sizing: border-box; min-width: fit-content; width: fit-content; margin: 0px 0px 4px 0px; align-items: center"><div style="-webkit-line-clamp: 1; overflow: hidden; display: -webkit-box!important; -webkit-box-orient: vertical; min-width: fit-content; width: fit-content; margin: 0px 4px 0px 0px"><span style="font-size: 14px; font-weight: bold; color: rgba(203, 20, 0, 1); word-break: break-all; vertical-align: middle">41,800원</span></div></div><div style="display: flex; flex-direction: column; min-width: fit-content; width: fit-content; margin: 0px 0px 4px 0px"></div><div style="display: flex; flex-direction: row; -webkit-box-sizing: border-box; min-width: fit-content; width: fit-content"><div style="display: flex; flex-direction: row; -webkit-box-sizing: border-box; min-width: fit-content; width: fit-content; height: 16px; min-height: 16px; padding: 0px 4px 1px 4px; margin: 0px 0px 6px 0px; background-color: rgba(225, 39, 5, 1); border-radius: 4px 4px 4px 4px; align-items: center"><div style="-webkit-line-clamp: 1; overflow: hidden; display: -webkit-box!important; -webkit-box-orient: vertical; min-width: fit-content; width: fit-content; margin: 0px 2px 0px 0px"><span style="font-size: 11px; font-weight: bold; color: rgba(255, 255, 255, 1); word-break: break-all; vertical-align: middle">53%</span></div><div style="-webkit-line-clamp: 1; overflow: hidden; display: -webkit-box!important; -webkit-box-orient: vertical; min-width: fit-content; width: fit-content"><span style="font-size: 11px; font-weight: bold; color: rgba(255, 255, 255, 1); word-break: break-all; vertical-align: middle">할인</span></div></div></div><div style="display: flex; flex-direction: row; -webkit-box-sizing: border-box; min-width: fit-content; width: fit-content; align-items: flex-end"><div style="display: flex; min-width: fit-content; width: fit-content; height: 13px; min-height: 13px; margin: 0px 2px 0px 0px"><span style="display: block; background-image: url(//static.coupangcdn.com/image/cmg/common/rating-star/RDS.png); background-repeat: no-repeat; width: 60px; height: 12px; background-size: 60px 24px; background-position: 0 -12px"><em style="display: block; background-image: url(//static.coupangcdn.com/image/cmg/common/rating-star/RDS.png); background-repeat: no-repeat; width: 90%; height: 12px; background-size: 60px 24px; background-position: 0 0"></em></span></div><div style="-webkit-line-clamp: 1; overflow: hidden; display: -webkit-box!important; -webkit-box-orient: vertical; min-width: fit-content; width: fit-content"><span style="font-size: 12px; font-weight: normal; color: rgba(118, 134, 149, 1); word-break: break-all; vertical-align: middle">(3,225)</span></div></div></div><div style="display: flex; flex-direction: column; width: 1px; min-width: 1px; align-self: stretch; margin: 0px 0px 16px 0px; background-color: rgba(238, 238, 238, 1)"></div></div><div style="display: flex; flex-direction: row; -webkit-box-sizing: border-box; min-width: fit-content; width: fit-content"><div style="display: flex; flex-direction: column; width: 124px; min-width: 124px; margin: 0px 12px 16px 12px" class="cmg-dco-carousel-item cmg-dco-carousel-product hover-style-E" data-adsplatform="{&quot;viewImpression&quot;: &quot;https://mercury.coupang.com/e.gif?r=db574ca0-8e1e-11f0-aa6d-823a34482d69%7E2&amp;templateId=3880&quot;}"><div style="width: 124px; min-width: 124px; height: 124px;min-height: 124px; margin: 0px 0px 8px 0px; overflow: hidden"><img src="https://thumbnail5.coupangcdn.com/thumbnails/remote/292x292q65ex/image/vendor_inventory/cbb3/749ad8c7d6e381a0e7b6b99cb7aec947d0a49645c2a48be5dd7df3a0037b.jpg" style="vertical-align: top; height: 100%; object-fit: contain; border-radius: 0px 0px 0px 0px; " class="main-image"></div><div style="-webkit-line-clamp: 100; overflow: hidden; display: -webkit-box!important; -webkit-box-orient: vertical; min-width: fit-content; width: fit-content; padding: 0px 0px 6px 0px"><span style="font-size: 12px; font-weight: bold; color: rgba(99, 115, 129, 1); word-break: break-all; vertical-align: middle">무료배송</span></div><div style="-webkit-line-clamp: 2; overflow: hidden; display: -webkit-box!important; -webkit-box-orient: vertical; width: 100%;; margin: 0px 0px 4px 0px"><span style="font-size: 14px; font-weight: normal; color: rgba(33, 43, 54, 1); word-break: break-all; vertical-align: middle" class="product-title">[미식탁] 해녀채취 국내산 제철 보라성게 자연산 성게알 우니 100g, 거제 보라성게알 100g(생물), 1개</span></div><div style="display: flex; flex-direction: row; -webkit-box-sizing: border-box; min-width: fit-content; width: fit-content; margin: 0px 0px 4px 0px; align-items: center"><div style="-webkit-line-clamp: 1; overflow: hidden; display: -webkit-box!important; -webkit-box-orient: vertical; min-width: fit-content; width: fit-content; margin: 0px 4px 0px 0px"><span style="font-size: 14px; font-weight: bold; color: rgba(203, 20, 0, 1); word-break: break-all; vertical-align: middle">25,900원</span></div></div><div style="display: flex; flex-direction: column; min-width: fit-content; width: fit-content; margin: 0px 0px 4px 0px"></div><div style="display: flex; flex-direction: row; -webkit-box-sizing: border-box; min-width: fit-content; width: fit-content"></div><div style="display: flex; flex-direction: row; -webkit-box-sizing: border-box; min-width: fit-content; width: fit-content; align-items: flex-end"><div style="display: flex; min-width: fit-content; width: fit-content; height: 13px; min-height: 13px; margin: 0px 2px 0px 0px"><span style="display: block; background-image: url(//static.coupangcdn.com/image/cmg/common/rating-star/RDS.png); background-repeat: no-repeat; width: 60px; height: 12px; background-size: 60px 24px; background-position: 0 -12px"><em style="display: block; background-image: url(//static.coupangcdn.com/image/cmg/common/rating-star/RDS.png); background-repeat: no-repeat; width: 100%; height: 12px; background-size: 60px 24px; background-position: 0 0"></em></span></div><div style="-webkit-line-clamp: 1; overflow: hidden; display: -webkit-box!important; -webkit-box-orient: vertical; min-width: fit-content; width: fit-content"><span style="font-size: 12px; font-weight: normal; color: rgba(118, 134, 149, 1); word-break: break-all; vertical-align: middle">(2)</span></div></div></div><div style="display: flex; flex-direction: column; width: 1px; min-width: 1px; align-self: stretch; margin: 0px 0px 16px 0px; background-color: rgba(238, 238, 238, 1)"></div></div><div style="display: flex; flex-direction: row; -webkit-box-sizing: border-box; min-width: fit-content; width: fit-content"><div style="display: flex; flex-direction: column; width: 124px; min-width: 124px; margin: 0px 12px 16px 12px" class="cmg-dco-carousel-item cmg-dco-carousel-product hover-style-E" data-adsplatform="{&quot;viewImpression&quot;: &quot;https://mercury.coupang.com/e.gif?r=db574ca0-8e1e-11f0-ba61-e4fe520a138f%7E2&amp;templateId=3880&quot;}"><div style="width: 124px; min-width: 124px; height: 124px;min-height: 124px; margin: 0px 0px 8px 0px; overflow: hidden"><img src="https://thumbnail11.coupangcdn.com/thumbnails/remote/292x292q65ex/image/vendor_inventory/9e92/a7f96f837b3677537486323a75c929df8eab1b2129f756f9b525df9b14c0.jpg" style="vertical-align: top; height: 100%; object-fit: contain; border-radius: 0px 0px 0px 0px; " class="main-image"></div><div style="-webkit-line-clamp: 100; overflow: hidden; display: -webkit-box!important; -webkit-box-orient: vertical; min-width: fit-content; width: fit-content; padding: 0px 0px 6px 0px"><span style="font-size: 12px; font-weight: bold; color: rgba(99, 115, 129, 1); word-break: break-all; vertical-align: middle">무료배송</span></div><div style="-webkit-line-clamp: 2; overflow: hidden; display: -webkit-box!important; -webkit-box-orient: vertical; width: 100%;; margin: 0px 0px 4px 0px"><span style="font-size: 14px; font-weight: normal; color: rgba(33, 43, 54, 1); word-break: break-all; vertical-align: middle" class="product-title">[당일조업] 활 숫꽃게 1kg (3-5미) 꽉 찬 수율에 절정의 싱싱함 서해안 생물 활꽃게, 1세트, 활 숫꽃게 1kg (3-5미)*2개</span></div><div style="display: flex; flex-direction: row; -webkit-box-sizing: border-box; min-width: fit-content; width: fit-content; margin: 0px 0px 4px 0px; align-items: center"><div style="-webkit-line-clamp: 1; overflow: hidden; display: -webkit-box!important; -webkit-box-orient: vertical; min-width: fit-content; width: fit-content; margin: 0px 4px 0px 0px"><span style="font-size: 14px; font-weight: bold; color: rgba(203, 20, 0, 1); word-break: break-all; vertical-align: middle">37,400원</span></div></div><div style="display: flex; flex-direction: column; min-width: fit-content; width: fit-content; margin: 0px 0px 4px 0px"></div><div style="display: flex; flex-direction: row; -webkit-box-sizing: border-box; min-width: fit-content; width: fit-content"></div><div style="display: flex; flex-direction: row; -webkit-box-sizing: border-box; min-width: fit-content; width: fit-content; align-items: flex-end"></div></div><div style="display: flex; flex-direction: column; width: 1px; min-width: 1px; align-self: stretch; margin: 0px 0px 16px 0px; background-color: rgba(238, 238, 238, 1)"></div></div><div style="display: flex; flex-direction: row; -webkit-box-sizing: border-box; min-width: fit-content; width: fit-content"><div style="display: flex; flex-direction: column; width: 124px; min-width: 124px; margin: 0px 12px 16px 12px" class="cmg-dco-carousel-item cmg-dco-carousel-product hover-style-E" data-adsplatform="{&quot;viewImpression&quot;: &quot;https://mercury.coupang.com/e.gif?r=db5773b0-8e1e-11f0-b462-4d02e81edda1%7E2&amp;templateId=3880&quot;}"><div style="width: 124px; min-width: 124px; height: 124px;min-height: 124px; margin: 0px 0px 8px 0px; overflow: hidden"><img src="https://thumbnail11.coupangcdn.com/thumbnails/remote/292x292q65ex/image/vendor_inventory/5f35/5fe37de15ae3e60fb43adaf41046603e7d72cd1ed0a722ca92ec9af315d6.jpg" style="vertical-align: top; height: 100%; object-fit: contain; border-radius: 0px 0px 0px 0px; " class="main-image"></div><div style="-webkit-line-clamp: 100; overflow: hidden; display: -webkit-box!important; -webkit-box-orient: vertical; min-width: fit-content; width: fit-content; padding: 0px 0px 6px 0px"><span style="font-size: 12px; font-weight: bold; color: rgba(99, 115, 129, 1); word-break: break-all; vertical-align: middle">무료배송</span></div><div style="-webkit-line-clamp: 2; overflow: hidden; display: -webkit-box!important; -webkit-box-orient: vertical; width: 100%;; margin: 0px 0px 4px 0px"><span style="font-size: 14px; font-weight: normal; color: rgba(33, 43, 54, 1); word-break: break-all; vertical-align: middle" class="product-title">30년 전통 암꽃게 간장게장 꽃게장, 1개, 2.5kg</span></div><div style="display: flex; flex-direction: row; -webkit-box-sizing: border-box; min-width: fit-content; width: fit-content; margin: 0px 0px 4px 0px; align-items: center"><div style="-webkit-line-clamp: 1; overflow: hidden; display: -webkit-box!important; -webkit-box-orient: vertical; min-width: fit-content; width: fit-content; margin: 0px 4px 0px 0px"><span style="font-size: 14px; font-weight: bold; color: rgba(203, 20, 0, 1); word-break: break-all; vertical-align: middle">38,500원</span></div></div><div style="display: flex; flex-direction: column; min-width: fit-content; width: fit-content; margin: 0px 0px 4px 0px"></div><div style="display: flex; flex-direction: row; -webkit-box-sizing: border-box; min-width: fit-content; width: fit-content"></div><div style="display: flex; flex-direction: row; -webkit-box-sizing: border-box; min-width: fit-content; width: fit-content; align-items: flex-end"><div style="display: flex; min-width: fit-content; width: fit-content; height: 13px; min-height: 13px; margin: 0px 2px 0px 0px"><span style="display: block; background-image: url(//static.coupangcdn.com/image/cmg/common/rating-star/RDS.png); background-repeat: no-repeat; width: 60px; height: 12px; background-size: 60px 24px; background-position: 0 -12px"><em style="display: block; background-image: url(//static.coupangcdn.com/image/cmg/common/rating-star/RDS.png); background-repeat: no-repeat; width: 100%; height: 12px; background-size: 60px 24px; background-position: 0 0"></em></span></div><div style="-webkit-line-clamp: 1; overflow: hidden; display: -webkit-box!important; -webkit-box-orient: vertical; min-width: fit-content; width: fit-content"><span style="font-size: 12px; font-weight: normal; color: rgba(118, 134, 149, 1); word-break: break-all; vertical-align: middle">(3)</span></div></div></div><div style="display: flex; flex-direction: column; width: 1px; min-width: 1px; align-self: stretch; margin: 0px 0px 16px 0px; background-color: rgba(238, 238, 238, 1)"></div></div><div style="display: flex; flex-direction: row; -webkit-box-sizing: border-box; min-width: fit-content; width: fit-content"><div style="display: flex; flex-direction: column; width: 124px; min-width: 124px; margin: 0px 12px 16px 12px" class="cmg-dco-carousel-item cmg-dco-carousel-product hover-style-E" data-adsplatform="{&quot;viewImpression&quot;: &quot;https://mercury.coupang.com/e.gif?r=db5773b0-8e1e-11f0-9410-2390d14e82dc%7E2&amp;templateId=3880&quot;}"><div style="width: 124px; min-width: 124px; height: 124px;min-height: 124px; margin: 0px 0px 8px 0px; overflow: hidden"><img src="https://thumbnail5.coupangcdn.com/thumbnails/remote/292x292q65ex/image/vendor_inventory/75b4/b8ca43938d5925a0e6722d5aeabd61ad0129c4cb8aa673162adab03672ef.jpg" style="vertical-align: top; height: 100%; object-fit: contain; border-radius: 0px 0px 0px 0px; " class="main-image"></div><div style="-webkit-line-clamp: 100; overflow: hidden; display: -webkit-box!important; -webkit-box-orient: vertical; min-width: fit-content; width: fit-content; padding: 0px 0px 6px 0px"><span style="font-size: 12px; font-weight: bold; color: rgba(99, 115, 129, 1); word-break: break-all; vertical-align: middle">무료배송</span></div><div style="-webkit-line-clamp: 2; overflow: hidden; display: -webkit-box!important; -webkit-box-orient: vertical; width: 100%;; margin: 0px 0px 4px 0px"><span style="font-size: 14px; font-weight: normal; color: rgba(33, 43, 54, 1); word-break: break-all; vertical-align: middle" class="product-title">[미식탁] 특A급 라이브 활 박달대게 생물 자숙 수율보장 마가단 프리모리, (활)특A급 박달대게 2kg, 1박스, A급 러시아 박달대게 3kg</span></div><div style="display: flex; flex-direction: row; -webkit-box-sizing: border-box; min-width: fit-content; width: fit-content; margin: 0px 0px 4px 0px; align-items: center"><div style="-webkit-line-clamp: 1; overflow: hidden; display: -webkit-box!important; -webkit-box-orient: vertical; min-width: fit-content; width: fit-content; margin: 0px 4px 0px 0px"><span style="font-size: 14px; font-weight: bold; color: rgba(203, 20, 0, 1); word-break: break-all; vertical-align: middle">138,900원</span></div></div><div style="display: flex; flex-direction: column; min-width: fit-content; width: fit-content; margin: 0px 0px 4px 0px"></div><div style="display: flex; flex-direction: row; -webkit-box-sizing: border-box; min-width: fit-content; width: fit-content"></div><div style="display: flex; flex-direction: row; -webkit-box-sizing: border-box; min-width: fit-content; width: fit-content; align-items: flex-end"><div style="display: flex; min-width: fit-content; width: fit-content; height: 13px; min-height: 13px; margin: 0px 2px 0px 0px"><span style="display: block; background-image: url(//static.coupangcdn.com/image/cmg/common/rating-star/RDS.png); background-repeat: no-repeat; width: 60px; height: 12px; background-size: 60px 24px; background-position: 0 -12px"><em style="display: block; background-image: url(//static.coupangcdn.com/image/cmg/common/rating-star/RDS.png); background-repeat: no-repeat; width: 100%; height: 12px; background-size: 60px 24px; background-position: 0 0"></em></span></div><div style="-webkit-line-clamp: 1; overflow: hidden; display: -webkit-box!important; -webkit-box-orient: vertical; min-width: fit-content; width: fit-content"><span style="font-size: 12px; font-weight: normal; color: rgba(118, 134, 149, 1); word-break: break-all; vertical-align: middle">(2)</span></div></div></div><div style="display: flex; flex-direction: column; width: 1px; min-width: 1px; align-self: stretch; margin: 0px 0px 16px 0px; background-color: rgba(238, 238, 238, 1)"></div></div><div style="display: flex; flex-direction: row; -webkit-box-sizing: border-box; min-width: fit-content; width: fit-content"><div style="display: flex; flex-direction: column; width: 124px; min-width: 124px; margin: 0px 12px 16px 12px" class="cmg-dco-carousel-item cmg-dco-carousel-product hover-style-E" data-adsplatform="{&quot;viewImpression&quot;: &quot;https://mercury.coupang.com/e.gif?r=db5773b0-8e1e-11f0-8581-da228c564aae%7E2&amp;templateId=3880&quot;}"><div style="width: 124px; min-width: 124px; height: 124px;min-height: 124px; margin: 0px 0px 8px 0px; overflow: hidden"><img src="https://thumbnail11.coupangcdn.com/thumbnails/remote/292x292q65ex/image/vendor_inventory/5bef/c39a32b8092eee8e92ac4261221e51268d8215aa3026fd9d34cac35466cf.jpg" style="vertical-align: top; height: 100%; object-fit: contain; border-radius: 0px 0px 0px 0px; " class="main-image"></div><div style="-webkit-line-clamp: 100; overflow: hidden; display: -webkit-box!important; -webkit-box-orient: vertical; min-width: fit-content; width: fit-content; padding: 0px 0px 6px 0px"><span style="font-size: 12px; font-weight: bold; color: rgba(99, 115, 129, 1); word-break: break-all; vertical-align: middle">무료배송</span></div><div style="-webkit-line-clamp: 2; overflow: hidden; display: -webkit-box!important; -webkit-box-orient: vertical; width: 100%;; margin: 0px 0px 4px 0px"><span style="font-size: 14px; font-weight: normal; color: rgba(33, 43, 54, 1); word-break: break-all; vertical-align: middle" class="product-title">[친정아빠] 국내산 활꽃게 숫꽃게1kg (3~5마리), 1개, 활 숫꽃게1kg(3~5마리)</span></div><div style="display: flex; flex-direction: row; -webkit-box-sizing: border-box; min-width: fit-content; width: fit-content; margin: 0px 0px 4px 0px; align-items: center"><div style="-webkit-line-clamp: 1; overflow: hidden; display: -webkit-box!important; -webkit-box-orient: vertical; min-width: fit-content; width: fit-content; margin: 0px 4px 0px 0px"><span style="font-size: 14px; font-weight: bold; color: rgba(203, 20, 0, 1); word-break: break-all; vertical-align: middle">18,900원</span></div></div><div style="display: flex; flex-direction: column; min-width: fit-content; width: fit-content; margin: 0px 0px 4px 0px"></div><div style="display: flex; flex-direction: row; -webkit-box-sizing: border-box; min-width: fit-content; width: fit-content"><div style="display: flex; flex-direction: row; -webkit-box-sizing: border-box; min-width: fit-content; width: fit-content; height: 16px; min-height: 16px; padding: 0px 4px 1px 4px; margin: 0px 0px 6px 0px; background-color: rgba(225, 39, 5, 1); border-radius: 4px 4px 4px 4px; align-items: center"><div style="-webkit-line-clamp: 1; overflow: hidden; display: -webkit-box!important; -webkit-box-orient: vertical; min-width: fit-content; width: fit-content; margin: 0px 2px 0px 0px"><span style="font-size: 11px; font-weight: bold; color: rgba(255, 255, 255, 1); word-break: break-all; vertical-align: middle">9%</span></div><div style="-webkit-line-clamp: 1; overflow: hidden; display: -webkit-box!important; -webkit-box-orient: vertical; min-width: fit-content; width: fit-content"><span style="font-size: 11px; font-weight: bold; color: rgba(255, 255, 255, 1); word-break: break-all; vertical-align: middle">할인</span></div></div></div><div style="display: flex; flex-direction: row; -webkit-box-sizing: border-box; min-width: fit-content; width: fit-content; align-items: flex-end"><div style="display: flex; min-width: fit-content; width: fit-content; height: 13px; min-height: 13px; margin: 0px 2px 0px 0px"><span style="display: block; background-image: url(//static.coupangcdn.com/image/cmg/common/rating-star/RDS.png); background-repeat: no-repeat; width: 60px; height: 12px; background-size: 60px 24px; background-position: 0 -12px"><em style="display: block; background-image: url(//static.coupangcdn.com/image/cmg/common/rating-star/RDS.png); background-repeat: no-repeat; width: 100%; height: 12px; background-size: 60px 24px; background-position: 0 0"></em></span></div><div style="-webkit-line-clamp: 1; overflow: hidden; display: -webkit-box!important; -webkit-box-orient: vertical; min-width: fit-content; width: fit-content"><span style="font-size: 12px; font-weight: normal; color: rgba(118, 134, 149, 1); word-break: break-all; vertical-align: middle">(11)</span></div></div></div><div style="display: flex; flex-direction: column; width: 1px; min-width: 1px; align-self: stretch; margin: 0px 0px 16px 0px; background-color: rgba(238, 238, 238, 1)"></div></div><div style="display: flex; flex-direction: row; -webkit-box-sizing: border-box; min-width: fit-content; width: fit-content"><div style="display: flex; flex-direction: column; width: 124px; min-width: 124px; margin: 0px 12px 16px 12px" class="cmg-dco-carousel-item cmg-dco-carousel-product hover-style-E" data-adsplatform="{&quot;viewImpression&quot;: &quot;https://mercury.coupang.com/e.gif?r=db5773b0-8e1e-11f0-a48f-4fd7cd29170f%7E2&amp;templateId=3880&quot;}"><div style="width: 124px; min-width: 124px; height: 124px;min-height: 124px; margin: 0px 0px 8px 0px; overflow: hidden"><img src="https://thumbnail3.coupangcdn.com/thumbnails/remote/292x292q65ex/image/vendor_inventory/3907/14d87803375f7a23c8d3494d92c544c6f0d31509421d89e3afe0a9e14f24.jpg" style="vertical-align: top; height: 100%; object-fit: contain; border-radius: 0px 0px 0px 0px; " class="main-image"></div><div style="-webkit-line-clamp: 100; overflow: hidden; display: -webkit-box!important; -webkit-box-orient: vertical; min-width: fit-content; width: fit-content; padding: 0px 0px 6px 0px"><span style="font-size: 12px; font-weight: bold; color: rgba(99, 115, 129, 1); word-break: break-all; vertical-align: middle">무료배송</span></div><div style="-webkit-line-clamp: 2; overflow: hidden; display: -webkit-box!important; -webkit-box-orient: vertical; width: 100%;; margin: 0px 0px 4px 0px"><span style="font-size: 14px; font-weight: normal; color: rgba(33, 43, 54, 1); word-break: break-all; vertical-align: middle" class="product-title">[선별특품] 연평도 냉동 암꽃게 100% 알배기 수율보장 디아머스, 1개, 2kg (특대 6-10미)</span></div><div style="display: flex; flex-direction: row; -webkit-box-sizing: border-box; min-width: fit-content; width: fit-content; margin: 0px 0px 4px 0px; align-items: center"><div style="-webkit-line-clamp: 1; overflow: hidden; display: -webkit-box!important; -webkit-box-orient: vertical; min-width: fit-content; width: fit-content; margin: 0px 4px 0px 0px"><span style="font-size: 14px; font-weight: bold; color: rgba(203, 20, 0, 1); word-break: break-all; vertical-align: middle">41,800원</span></div></div><div style="display: flex; flex-direction: column; min-width: fit-content; width: fit-content; margin: 0px 0px 4px 0px"></div><div style="display: flex; flex-direction: row; -webkit-box-sizing: border-box; min-width: fit-content; width: fit-content"></div><div style="display: flex; flex-direction: row; -webkit-box-sizing: border-box; min-width: fit-content; width: fit-content; align-items: flex-end"><div style="display: flex; min-width: fit-content; width: fit-content; height: 13px; min-height: 13px; margin: 0px 2px 0px 0px"><span style="display: block; background-image: url(//static.coupangcdn.com/image/cmg/common/rating-star/RDS.png); background-repeat: no-repeat; width: 60px; height: 12px; background-size: 60px 24px; background-position: 0 -12px"><em style="display: block; background-image: url(//static.coupangcdn.com/image/cmg/common/rating-star/RDS.png); background-repeat: no-repeat; width: 70%; height: 12px; background-size: 60px 24px; background-position: 0 0"></em></span></div><div style="-webkit-line-clamp: 1; overflow: hidden; display: -webkit-box!important; -webkit-box-orient: vertical; min-width: fit-content; width: fit-content"><span style="font-size: 12px; font-weight: normal; color: rgba(118, 134, 149, 1); word-break: break-all; vertical-align: middle">(10)</span></div></div></div><div style="display: flex; flex-direction: column; width: 1px; min-width: 1px; align-self: stretch; margin: 0px 0px 16px 0px; background-color: rgba(238, 238, 238, 1)"></div></div><div style="display: flex; flex-direction: row; -webkit-box-sizing: border-box; min-width: fit-content; width: fit-content"><div style="display: flex; flex-direction: column; width: 124px; min-width: 124px; margin: 0px 12px 16px 12px" class="cmg-dco-carousel-item cmg-dco-carousel-product hover-style-E" data-adsplatform="{&quot;viewImpression&quot;: &quot;https://mercury.coupang.com/e.gif?r=db5773b0-8e1e-11f0-aaa3-7d1fc3544893%7E2&amp;templateId=3880&quot;}"><div style="width: 124px; min-width: 124px; height: 124px;min-height: 124px; margin: 0px 0px 8px 0px; overflow: hidden"><img src="https://thumbnail8.coupangcdn.com/thumbnails/remote/292x292q65ex/image/vendor_inventory/49db/97439831359903a00dd792fbaf4b45abadedfa65d81a5edff3b59b820899.jpg" style="vertical-align: top; height: 100%; object-fit: contain; border-radius: 0px 0px 0px 0px; " class="main-image"></div><div style="-webkit-line-clamp: 100; overflow: hidden; display: -webkit-box!important; -webkit-box-orient: vertical; min-width: fit-content; width: fit-content; padding: 0px 0px 6px 0px"><span style="font-size: 12px; font-weight: bold; color: rgba(99, 115, 129, 1); word-break: break-all; vertical-align: middle">무료배송</span></div><div style="-webkit-line-clamp: 2; overflow: hidden; display: -webkit-box!important; -webkit-box-orient: vertical; width: 100%;; margin: 0px 0px 4px 0px"><span style="font-size: 14px; font-weight: normal; color: rgba(33, 43, 54, 1); word-break: break-all; vertical-align: middle" class="product-title">[어남선생 간장게장 주재료] 급냉 연평도 암꽃게, 1박스, 2kg (6~10미)</span></div><div style="display: flex; flex-direction: row; -webkit-box-sizing: border-box; min-width: fit-content; width: fit-content; margin: 0px 0px 4px 0px; align-items: center"><div style="-webkit-line-clamp: 1; overflow: hidden; display: -webkit-box!important; -webkit-box-orient: vertical; min-width: fit-content; width: fit-content; margin: 0px 4px 0px 0px"><span style="font-size: 14px; font-weight: bold; color: rgba(203, 20, 0, 1); word-break: break-all; vertical-align: middle">43,600원</span></div></div><div style="display: flex; flex-direction: column; min-width: fit-content; width: fit-content; margin: 0px 0px 4px 0px"></div><div style="display: flex; flex-direction: row; -webkit-box-sizing: border-box; min-width: fit-content; width: fit-content"><div style="display: flex; flex-direction: row; -webkit-box-sizing: border-box; min-width: fit-content; width: fit-content; height: 16px; min-height: 16px; padding: 0px 4px 1px 4px; margin: 0px 0px 6px 0px; background-color: rgba(225, 39, 5, 1); border-radius: 4px 4px 4px 4px; align-items: center"><div style="-webkit-line-clamp: 1; overflow: hidden; display: -webkit-box!important; -webkit-box-orient: vertical; min-width: fit-content; width: fit-content; margin: 0px 2px 0px 0px"><span style="font-size: 11px; font-weight: bold; color: rgba(255, 255, 255, 1); word-break: break-all; vertical-align: middle">18%</span></div><div style="-webkit-line-clamp: 1; overflow: hidden; display: -webkit-box!important; -webkit-box-orient: vertical; min-width: fit-content; width: fit-content"><span style="font-size: 11px; font-weight: bold; color: rgba(255, 255, 255, 1); word-break: break-all; vertical-align: middle">할인</span></div></div></div><div style="display: flex; flex-direction: row; -webkit-box-sizing: border-box; min-width: fit-content; width: fit-content; align-items: flex-end"><div style="display: flex; min-width: fit-content; width: fit-content; height: 13px; min-height: 13px; margin: 0px 2px 0px 0px"><span style="display: block; background-image: url(//static.coupangcdn.com/image/cmg/common/rating-star/RDS.png); background-repeat: no-repeat; width: 60px; height: 12px; background-size: 60px 24px; background-position: 0 -12px"><em style="display: block; background-image: url(//static.coupangcdn.com/image/cmg/common/rating-star/RDS.png); background-repeat: no-repeat; width: 80%; height: 12px; background-size: 60px 24px; background-position: 0 0"></em></span></div><div style="-webkit-line-clamp: 1; overflow: hidden; display: -webkit-box!important; -webkit-box-orient: vertical; min-width: fit-content; width: fit-content"><span style="font-size: 12px; font-weight: normal; color: rgba(118, 134, 149, 1); word-break: break-all; vertical-align: middle">(8)</span></div></div></div><div style="display: flex; flex-direction: column; width: 1px; min-width: 1px; align-self: stretch; margin: 0px 0px 16px 0px; background-color: rgba(238, 238, 238, 1)"></div></div><div style="display: flex; flex-direction: row; -webkit-box-sizing: border-box; min-width: fit-content; width: fit-content"><div style="display: flex; flex-direction: column; width: 124px; min-width: 124px; margin: 0px 12px 16px 12px" class="cmg-dco-carousel-item cmg-dco-carousel-product hover-style-E" data-adsplatform="{&quot;viewImpression&quot;: &quot;https://mercury.coupang.com/e.gif?r=db5773b0-8e1e-11f0-9470-383c750df603%7E2&amp;templateId=3880&quot;}"><div style="width: 124px; min-width: 124px; height: 124px;min-height: 124px; margin: 0px 0px 8px 0px; overflow: hidden"><img src="https://thumbnail9.coupangcdn.com/thumbnails/remote/292x292q65ex/image/vendor_inventory/3664/c64f54c61ca607646f0dd0a1e51be81c42e5bb0095a5ca1447b9b62d75fa.png" style="vertical-align: top; height: 100%; object-fit: contain; border-radius: 0px 0px 0px 0px; " class="main-image"></div><div style="-webkit-line-clamp: 100; overflow: hidden; display: -webkit-box!important; -webkit-box-orient: vertical; min-width: fit-content; width: fit-content; padding: 0px 0px 6px 0px"><span style="font-size: 12px; font-weight: bold; color: rgba(99, 115, 129, 1); word-break: break-all; vertical-align: middle">무료배송</span></div><div style="-webkit-line-clamp: 2; overflow: hidden; display: -webkit-box!important; -webkit-box-orient: vertical; width: 100%;; margin: 0px 0px 4px 0px"><span style="font-size: 14px; font-weight: normal; color: rgba(33, 43, 54, 1); word-break: break-all; vertical-align: middle" class="product-title">[신선직송] 담백살 가득 A급 활 숫꽃게, 1개, 1kg(3-5미)</span></div><div style="display: flex; flex-direction: row; -webkit-box-sizing: border-box; min-width: fit-content; width: fit-content; margin: 0px 0px 4px 0px; align-items: center"><div style="-webkit-line-clamp: 1; overflow: hidden; display: -webkit-box!important; -webkit-box-orient: vertical; min-width: fit-content; width: fit-content; margin: 0px 4px 0px 0px"><span style="font-size: 14px; font-weight: bold; color: rgba(203, 20, 0, 1); word-break: break-all; vertical-align: middle">24,900원</span></div></div><div style="display: flex; flex-direction: column; min-width: fit-content; width: fit-content; margin: 0px 0px 4px 0px"></div><div style="display: flex; flex-direction: row; -webkit-box-sizing: border-box; min-width: fit-content; width: fit-content"><div style="display: flex; flex-direction: row; -webkit-box-sizing: border-box; min-width: fit-content; width: fit-content; height: 16px; min-height: 16px; padding: 0px 4px 1px 4px; margin: 0px 0px 6px 0px; background-color: rgba(225, 39, 5, 1); border-radius: 4px 4px 4px 4px; align-items: center"><div style="-webkit-line-clamp: 1; overflow: hidden; display: -webkit-box!important; -webkit-box-orient: vertical; min-width: fit-content; width: fit-content; margin: 0px 2px 0px 0px"><span style="font-size: 11px; font-weight: bold; color: rgba(255, 255, 255, 1); word-break: break-all; vertical-align: middle">37%</span></div><div style="-webkit-line-clamp: 1; overflow: hidden; display: -webkit-box!important; -webkit-box-orient: vertical; min-width: fit-content; width: fit-content"><span style="font-size: 11px; font-weight: bold; color: rgba(255, 255, 255, 1); word-break: break-all; vertical-align: middle">할인</span></div></div></div><div style="display: flex; flex-direction: row; -webkit-box-sizing: border-box; min-width: fit-content; width: fit-content; align-items: flex-end"><div style="display: flex; min-width: fit-content; width: fit-content; height: 13px; min-height: 13px; margin: 0px 2px 0px 0px"><span style="display: block; background-image: url(//static.coupangcdn.com/image/cmg/common/rating-star/RDS.png); background-repeat: no-repeat; width: 60px; height: 12px; background-size: 60px 24px; background-position: 0 -12px"><em style="display: block; background-image: url(//static.coupangcdn.com/image/cmg/common/rating-star/RDS.png); background-repeat: no-repeat; width: 80%; height: 12px; background-size: 60px 24px; background-position: 0 0"></em></span></div><div style="-webkit-line-clamp: 1; overflow: hidden; display: -webkit-box!important; -webkit-box-orient: vertical; min-width: fit-content; width: fit-content"><span style="font-size: 12px; font-weight: normal; color: rgba(118, 134, 149, 1); word-break: break-all; vertical-align: middle">(5)</span></div></div></div><div style="display: flex; flex-direction: column; width: 1px; min-width: 1px; align-self: stretch; margin: 0px 0px 16px 0px; background-color: rgba(238, 238, 238, 1)"></div></div><div style="display: flex; flex-direction: row; -webkit-box-sizing: border-box; min-width: fit-content; width: fit-content"><div style="display: flex; flex-direction: column; width: 124px; min-width: 124px; margin: 0px 12px 16px 12px" class="cmg-dco-carousel-item cmg-dco-carousel-product hover-style-E" data-adsplatform="{&quot;viewImpression&quot;: &quot;https://mercury.coupang.com/e.gif?r=db5773b0-8e1e-11f0-80cc-ced0d378493c%7E2&amp;templateId=3880&quot;}"><div style="width: 124px; min-width: 124px; height: 124px;min-height: 124px; margin: 0px 0px 8px 0px; overflow: hidden"><img src="https://thumbnail1.coupangcdn.com/thumbnails/remote/292x292q65ex/image/vendor_inventory/1873/6547a6e0b9314b0e55dc9177e722e7e60fd6e445ea69a8c45af7689ce9b3.jpg" style="vertical-align: top; height: 100%; object-fit: contain; border-radius: 0px 0px 0px 0px; " class="main-image"></div><div style="-webkit-line-clamp: 100; overflow: hidden; display: -webkit-box!important; -webkit-box-orient: vertical; min-width: fit-content; width: fit-content; padding: 0px 0px 6px 0px"><span style="font-size: 12px; font-weight: bold; color: rgba(99, 115, 129, 1); word-break: break-all; vertical-align: middle">무료배송</span></div><div style="-webkit-line-clamp: 2; overflow: hidden; display: -webkit-box!important; -webkit-box-orient: vertical; width: 100%;; margin: 0px 0px 4px 0px"><span style="font-size: 14px; font-weight: normal; color: rgba(33, 43, 54, 1); word-break: break-all; vertical-align: middle" class="product-title">[고향농수산] 수율90%내외 특A급 선주직송 산지직송 박달홍게, 1개, 3kg (박달홍게 특 수율90%이내 9-12미)</span></div><div style="display: flex; flex-direction: row; -webkit-box-sizing: border-box; min-width: fit-content; width: fit-content; margin: 0px 0px 4px 0px; align-items: center"><div style="-webkit-line-clamp: 1; overflow: hidden; display: -webkit-box!important; -webkit-box-orient: vertical; min-width: fit-content; width: fit-content; margin: 0px 4px 0px 0px"><span style="font-size: 14px; font-weight: bold; color: rgba(203, 20, 0, 1); word-break: break-all; vertical-align: middle">39,900원</span></div></div><div style="display: flex; flex-direction: column; min-width: fit-content; width: fit-content; margin: 0px 0px 4px 0px"></div><div style="display: flex; flex-direction: row; -webkit-box-sizing: border-box; min-width: fit-content; width: fit-content"></div><div style="display: flex; flex-direction: row; -webkit-box-sizing: border-box; min-width: fit-content; width: fit-content; align-items: flex-end"><div style="display: flex; min-width: fit-content; width: fit-content; height: 13px; min-height: 13px; margin: 0px 2px 0px 0px"><span style="display: block; background-image: url(//static.coupangcdn.com/image/cmg/common/rating-star/RDS.png); background-repeat: no-repeat; width: 60px; height: 12px; background-size: 60px 24px; background-position: 0 -12px"><em style="display: block; background-image: url(//static.coupangcdn.com/image/cmg/common/rating-star/RDS.png); background-repeat: no-repeat; width: 100%; height: 12px; background-size: 60px 24px; background-position: 0 0"></em></span></div><div style="-webkit-line-clamp: 1; overflow: hidden; display: -webkit-box!important; -webkit-box-orient: vertical; min-width: fit-content; width: fit-content"><span style="font-size: 12px; font-weight: normal; color: rgba(118, 134, 149, 1); word-break: break-all; vertical-align: middle">(117)</span></div></div></div><div style="display: flex; flex-direction: column; width: 1px; min-width: 1px; align-self: stretch; margin: 0px 0px 16px 0px; background-color: rgba(238, 238, 238, 1)"></div></div></div></div></div></div></div><div data-value="review" class="twc-scroll-mt-[49px]"><div class="product-review twc-scroll-mt-[49px] product-review-shrink-letters" id="sdpReview"><div class="sdp-review twc-pb-[35px]"><div class="review-header"><h4><span>상품평</span><div class="twc-flex twc-items-center twc-gap-[14px]"><button>상품평 운영원칙</button></div></h4><div class="review-guide">동일한 상품에 대해 작성된 상품평으로, 판매자는 다를 수 있습니다.</div></div><div class="review-average-container"><div class="review-average-header"><div class="twc-flex twc-items-center twc-relative twc-flex-wrap"><span class="review-rating-outer" style="display: inline-block; height: 44px; width: 220px; background-size: 44px;"><span class="review-rating-inner" style="width: 100%; height: 44px; background-size: 44px;"></span></span><div class="review-average-header-total-count twc-mr-[10px]">30</div><button class="review-average-header-review-info-btn twc-text-[#346aff] twc-text-left twc-w-[80px]">자세히보기 &gt;</button></div></div></div><div class="review-summary-gallery-container"><ul class="review-summary-gallery-list"><li class="attachement-list-item"><img class="review-gallery-attachment-img" alt="갤러리 이미지" title="갤러리 상세 보기" loading="lazy" src="https://thumbnail9.coupangcdn.com/thumbnails/local/320/image2/PRODUCTREVIEW/202508/27/283398534999681609/c396692e-8f1e-4b05-b85b-ea0f08a01930.jpg"></li><li class="attachement-list-item"><img class="review-gallery-attachment-img" alt="갤러리 이미지" title="갤러리 상세 보기" loading="lazy" src="https://thumbnail10.coupangcdn.com/thumbnails/local/320/image2/PRODUCTREVIEW/202508/27/283398534999681609/23b4f91f-26a9-47ae-94bc-35850051edbd.jpg"></li><li class="attachement-list-item"><img class="review-gallery-attachment-img" alt="갤러리 이미지" title="갤러리 상세 보기" loading="lazy" src="https://thumbnail9.coupangcdn.com/thumbnails/local/320/image2/PRODUCTREVIEW/202508/27/283398534999681609/f5955577-46c8-4358-8d6c-83bcd82bdb31.jpg"></li><li class="attachement-list-item"><img class="review-gallery-attachment-img" alt="갤러리 이미지" title="갤러리 상세 보기" loading="lazy" src="https://thumbnail9.coupangcdn.com/thumbnails/local/320/image2/PRODUCTREVIEW/202508/27/3092687144073613791/8459d6ba-8939-4907-8684-fbb5ddaffa5e.png"></li><li class="attachement-list-item"><img class="review-gallery-attachment-img" alt="갤러리 이미지" title="갤러리 상세 보기" loading="lazy" src="https://thumbnail7.coupangcdn.com/thumbnails/local/320/image2/PRODUCTREVIEW/202508/27/3092687144073613791/44830572-a7e6-4fba-927c-961dce2c941e.png"></li><li class="attachement-list-item"><img class="review-gallery-attachment-img" alt="갤러리 이미지" title="갤러리 상세 보기" loading="lazy" src="https://thumbnail8.coupangcdn.com/thumbnails/local/320/image2/PRODUCTREVIEW/202508/27/3092687144073613791/d52ad9ca-ab7d-4ee8-9abc-f0d53baf2be6.png"></li><li class="attachement-list-item"><img class="review-gallery-attachment-img" alt="갤러리 이미지" title="갤러리 상세 보기" loading="lazy" src="https://thumbnail8.coupangcdn.com/thumbnails/local/320/image2/PRODUCTREVIEW/202508/31/3903200070366230880/8ca25265-1117-4b35-987f-2b71817cacad.png"></li><li class="attachement-list-item"><img class="review-gallery-attachment-img" alt="갤러리 이미지" title="갤러리 상세 보기" loading="lazy" src="https://thumbnail10.coupangcdn.com/thumbnails/local/320/image2/PRODUCTREVIEW/202508/31/3903200070366230880/0ee1e79a-86ad-4561-b532-a4f39f65a68a.png"></li><li class="attachement-list-item"><img class="review-gallery-attachment-img" alt="갤러리 이미지" title="갤러리 상세 보기" loading="lazy" src="https://thumbnail6.coupangcdn.com/thumbnails/local/320/image2/PRODUCTREVIEW/202508/31/3903200070366230880/4b9f7603-14f1-4fd5-b2db-198e4589054c.png"></li><li class="attachement-list-item"><img class="review-gallery-attachment-img" alt="갤러리 이미지" title="갤러리 상세 보기" loading="lazy" src="https://thumbnail9.coupangcdn.com/thumbnails/local/320/image2/PRODUCTREVIEW/202508/31/882769359118070024/eefc698b-54d6-45af-9031-7f0bf6572578.png"></li><li class="attachement-list-item"><img class="review-gallery-attachment-img" alt="갤러리 이미지" title="갤러리 상세 보기" loading="lazy" src="https://thumbnail10.coupangcdn.com/thumbnails/local/320/image2/PRODUCTREVIEW/202508/31/882769359118070024/1967cc1d-ac22-4a73-9e6e-c0807cf95a4e.png"></li><li class="attachement-list-item"><img class="review-gallery-attachment-img" alt="갤러리 이미지" title="갤러리 상세 보기" loading="lazy" src="https://thumbnail8.coupangcdn.com/thumbnails/local/320/image2/PRODUCTREVIEW/202508/31/882769359118070024/785846d0-9823-4d46-a56c-cf3da5bec3b7.png"></li><li class="attachement-list-item"><img class="review-gallery-attachment-img" alt="갤러리 이미지" title="갤러리 상세 보기" loading="lazy" src="https://thumbnail8.coupangcdn.com/thumbnails/local/320/image2/PRODUCTREVIEW/202508/28/8112832473090440399/edfd3547-2118-4b77-9d4a-e7d0a4e4d26e.jpg"></li><li class="attachement-list-item"><img class="review-gallery-attachment-img" alt="갤러리 이미지" title="갤러리 상세 보기" loading="lazy" src="https://thumbnail9.coupangcdn.com/thumbnails/local/320/image2/PRODUCTREVIEW/202508/28/8112832473090440399/998ab996-83e4-43e8-8b43-f4973c144501.jpg"></li><li class="attachement-list-item"><img class="review-gallery-attachment-img" alt="갤러리 이미지" title="갤러리 상세 보기" loading="lazy" src="https://thumbnail9.coupangcdn.com/thumbnails/local/320/image2/PRODUCTREVIEW/202508/28/8112832473090440399/7c00d2fd-57c4-4365-8674-c7300b11479f.jpg"></li><li class="attachement-list-item"><img class="review-gallery-attachment-img" alt="갤러리 이미지" title="갤러리 상세 보기" loading="lazy" src="https://thumbnail8.coupangcdn.com/thumbnails/local/320/image2/PRODUCTREVIEW/202508/27/1515106579601122379/49865896-dfe9-4bb3-892a-3f8a928c1f84.jpg"></li><li class="attachement-list-item"><img class="review-gallery-attachment-img" alt="갤러리 이미지" title="갤러리 상세 보기" loading="lazy" src="https://thumbnail7.coupangcdn.com/thumbnails/local/320/image2/PRODUCTREVIEW/202508/27/1515106579601122379/7b705490-a9e5-4602-8c95-284da326d12c.jpg"></li><li class="attachement-list-item"><img class="review-gallery-attachment-img" alt="갤러리 이미지" title="갤러리 상세 보기" loading="lazy" src="https://thumbnail10.coupangcdn.com/thumbnails/local/320/image2/PRODUCTREVIEW/202508/27/1515106579601122379/42734356-14e8-4281-a83a-0357de66e429.jpg"></li><li class="attachement-list-item"><img class="review-gallery-attachment-img" alt="갤러리 이미지" title="갤러리 상세 보기" loading="lazy" src="https://thumbnail7.coupangcdn.com/thumbnails/local/320/image2/PRODUCTREVIEW/202508/27/574155594320841945/e04f342b-0446-4b00-aaf3-f74276d322a7.png"></li><li class="attachement-list-item"><img class="review-gallery-attachment-img" alt="갤러리 이미지" title="갤러리 상세 보기" loading="lazy" src="https://thumbnail7.coupangcdn.com/thumbnails/local/320/image2/PRODUCTREVIEW/202508/27/574155594320841945/36716a7d-e283-46c4-9e61-941b1e8c922a.png"></li><li class="review-summary-gallery-seemore"><em>15</em><div>더보기 &gt;</div></li></ul></div><div class="review-article-container"><div class="review-reorder-search-container"><div class="review-order-container"><button class="review-order-active-btn">베스트순</button><div class="">|</div><button class="">최신순</button></div><div class="review-search-container"><input placeholder="상품평을 검색해보세요." maxlength="30" type="text" value=""><button><svg xmlns="http://www.w3.org/2000/svg" width="16" height="16" viewBox="0 0 16 16"><path fill="#346aff" d="M2.627 2.35C5.037.088 8.826.133 11.18 2.488c2.241 2.241 2.39 5.783.446 8.197l3.512 3.511c.26.26.26.683 0 .943-.24.24-.618.259-.88.056l-.063-.056-3.512-3.512c-2.414 1.944-5.955 1.795-8.196-.446-2.4-2.4-2.4-6.293 0-8.693zm7.638 1.052c-1.895-1.895-4.968-1.895-6.863 0-1.895 1.895-1.895 4.968 0 6.863 1.895 1.895 4.968 1.895 6.863 0l-.045.04.04-.045.045-.036c1.855-1.898 1.842-4.94-.04-6.822z"></path></svg></button></div><div class="review-star-search-container"><div class="review-star-search-current-selection twc-flex twc-items-center twc-w-full twc-h-full"><div class="review-star-search-item"><div class="review-star-search-item-desc" style="width: 25px;">모든 별점 보기</div><div class="review-star-search-item-counts twc-flex-1">30</div></div><span class="css-triangle css-triangle-down" style="border-color: rgb(52, 106, 255) transparent transparent; border-width: 5px; width: 0px; height: 0px;"></span></div><ul class="review-star-search-selector" style="display: none;"><li><div class="review-star-search-item"><div class="review-star-search-item-desc" style="width: 25px;">모든 별점 보기</div><div class="review-star-search-item-counts twc-flex-1">30</div></div></li><li><div class="review-star-search-item"><div class="review-star-search-item-desc" style="width: 25px;">최고</div><div class="review-star-search-item-rating"><span class="review-rating-outer" style="display: inline-block; height: 15px; width: 75px; background-size: 15px;"><span class="review-rating-inner" style="width: 100%; height: 15px; background-size: 15px;"></span></span></div><div class="review-star-search-item-counts">25</div></div></li><li><div class="review-star-search-item"><div class="review-star-search-item-desc" style="width: 25px;">좋음</div><div class="review-star-search-item-rating"><span class="review-rating-outer" style="display: inline-block; height: 15px; width: 75px; background-size: 15px;"><span class="review-rating-inner" style="width: 80%; height: 15px; background-size: 15px;"></span></span></div><div class="review-star-search-item-counts">4</div></div></li><li><div class="review-star-search-item"><div class="review-star-search-item-desc" style="width: 25px;">보통</div><div class="review-star-search-item-rating"><span class="review-rating-outer" style="display: inline-block; height: 15px; width: 75px; background-size: 15px;"><span class="review-rating-inner" style="width: 60%; height: 15px; background-size: 15px;"></span></span></div><div class="review-star-search-item-counts">1</div></div></li><li><div class="review-star-search-item"><div class="review-star-search-item-desc" style="width: 25px;">별로</div><div class="review-star-search-item-rating"><span class="review-rating-outer" style="display: inline-block; height: 15px; width: 75px; background-size: 15px;"><span class="review-rating-inner" style="width: 40%; height: 15px; background-size: 15px;"></span></span></div><div class="review-star-search-item-counts">0</div></div></li><li><div class="review-star-search-item"><div class="review-star-search-item-desc" style="width: 25px;">나쁨</div><div class="review-star-search-item-rating"><span class="review-rating-outer" style="display: inline-block; height: 15px; width: 75px; background-size: 15px;"><span class="review-rating-inner" style="width: 20%; height: 15px; background-size: 15px;"></span></span></div><div class="review-star-search-item-counts">0</div></div></li></ul></div></div><div class="js_reviewArticleListContainer"><article class="sdp-review__article__list js_reviewArticleReviewList"><div class="sdp-review__article__list__info"><div class="sdp-review__article__list__info__profile"><img class="js_reviewArticleCrop js_reviewUserProfileImage" alt="" data-member-id="103472309" loading="lazy" src="//img1a.coupangcdn.com/image/productreview/web/pdp/profile/img-profile-empty.png"></div><div class="sdp-review__article__list__info__user"><span class="sdp-review__article__list__info__user__name js_reviewUserProfileImage" data-member-id="103472309">오*진&nbsp;</span><img class="sdp-review__article__list__info__top-badge js_reviewArticleTopReviewBtn" alt="" loading="lazy" src="//img1a.coupangcdn.com/image/productreview/web/pdp/badges/TOP1000_v1.png"></div><div class="sdp-review__article__list__info__product-info"><div class="sdp-review__article__list__info__product-info__star-gray"><div class="sdp-review__article__list__info__product-info__star-orange twc-w-full" data-rating="5"></div></div><div class="sdp-review__article__list__info__product-info__reg-date">2025.08.27</div></div><div class="sdp-review__article__list__info__product-info__seller_name">판매자: 밸류코드 주식회사</div><div class="sdp-review__article__list__info__product-info__name">삼시세끼연구소 최북단 연평도 조업 살이 단단한 25년 햇꽃게 활 꽃게 숫꽃게 생물, 1세트, 1kg</div></div><div class="sdp-review__article__list__attachment js_reviewArticleListGalleryContainer"><div class="sdp-review__article__list__attachment__list"><img class="sdp-review__article__list__attachment__img js_reviewArticleListImage js_reviewArticleCrop" data-has-caption="false" data-caption="" alt="" data-video-size="0" data-thumbnail-path="https://thumbnail9.coupangcdn.com/thumbnails/local/320/image2/PRODUCTREVIEW/202508/27/283398534999681609/c396692e-8f1e-4b05-b85b-ea0f08a01930.jpg" data-origin-path="https://thumbnail9.coupangcdn.com/thumbnails/local/q-1/image2/PRODUCTREVIEW/202508/27/283398534999681609/c396692e-8f1e-4b05-b85b-ea0f08a01930.jpg" data-num="0" loading="lazy" src="https://thumbnail9.coupangcdn.com/thumbnails/local/320/image2/PRODUCTREVIEW/202508/27/283398534999681609/c396692e-8f1e-4b05-b85b-ea0f08a01930.jpg"></div><div class="sdp-review__article__list__attachment__list"><img class="sdp-review__article__list__attachment__img js_reviewArticleListImage js_reviewArticleCrop" data-has-caption="false" data-caption="" alt="" data-video-size="0" data-thumbnail-path="https://thumbnail10.coupangcdn.com/thumbnails/local/320/image2/PRODUCTREVIEW/202508/27/283398534999681609/23b4f91f-26a9-47ae-94bc-35850051edbd.jpg" data-origin-path="https://thumbnail10.coupangcdn.com/thumbnails/local/q-1/image2/PRODUCTREVIEW/202508/27/283398534999681609/23b4f91f-26a9-47ae-94bc-35850051edbd.jpg" data-num="1" loading="lazy" src="https://thumbnail10.coupangcdn.com/thumbnails/local/320/image2/PRODUCTREVIEW/202508/27/283398534999681609/23b4f91f-26a9-47ae-94bc-35850051edbd.jpg"></div><div class="sdp-review__article__list__attachment__list"><img class="sdp-review__article__list__attachment__img js_reviewArticleListImage js_reviewArticleCrop" data-has-caption="false" data-caption="" alt="" data-video-size="0" data-thumbnail-path="https://thumbnail9.coupangcdn.com/thumbnails/local/320/image2/PRODUCTREVIEW/202508/27/283398534999681609/f5955577-46c8-4358-8d6c-83bcd82bdb31.jpg" data-origin-path="https://thumbnail9.coupangcdn.com/thumbnails/local/q-1/image2/PRODUCTREVIEW/202508/27/283398534999681609/f5955577-46c8-4358-8d6c-83bcd82bdb31.jpg" data-num="2" loading="lazy" src="https://thumbnail9.coupangcdn.com/thumbnails/local/320/image2/PRODUCTREVIEW/202508/27/283398534999681609/f5955577-46c8-4358-8d6c-83bcd82bdb31.jpg"></div></div><div class="sdp-review__article__list__review js_reviewArticleContentContainer"><div class="sdp-review__article__list__review__content js_reviewArticleContent"><span class="twc-bg-white" translate="no">제가 원래 시키던 곳이 있었는데, 이번에 삼시세끼연구소 연평도 꽃게 맘카페에서 소개해줘서 가격을 보니 훨씬 착하더라구요. 그래서 기존 주문을 취소하고 여기서 주문했는데, 솔직히 말해 대게가 온 줄 알았습니다. 크기가 그렇게 크고 묵직할 줄은 상상도 못했어요. 보통 꽃게 시키면 작은 거 여러 마리에 큰 거 1~2마리 정도 섞여서 오는데, 이번에 받은 건 크고 작은 거 구분하기 힘들 정도로 전체가 다 큼직했습니다.<br><br>박스를 열었을 때부터 신선함이 확 느껴졌습니다. 얼음이 가득 들어 있어서 개봉하는 순간부터 믿음이 갔고, 냄새 없이 깔끔한 상태라 바로 찜으로 쪄봤습니다. 살이 꽉 차 있어서 껍질을 열자마자 게살이 주르륵 흘러나오는 게 보였고, 맛은 그냥 말이 필요 없었습니다. 단맛이 확 올라오는데 비린내가 전혀 없고, 씹을수록 고소하고 담백해서 진짜 대게 못지않은 만족감을 줬습니다.<br><br>가격까지 저렴하다 보니 가성비는 말할 것도 없고, 이 정도 퀄리티라면 평생 시켜도 아깝지 않겠다는 생각이 듭니다. 그래서인지 먹으면서 “이건 진짜 남들에게도 알려야 된다” 싶어서 가족 단톡방에도 사진 찍어 올리고, 지인 카톡에도 계속 돌렸습니다. 다들 “이 정도면 우리도 시켜야겠다”면서 난리가 났어요.<br><br>삼시세끼연구소 연평도 꽃게는 최북단에서 매일 새벽 조업해 바로 보내준다고 하던데, 그 설명이 괜히 있는 게 아니구나 싶습니다. 살 수율도 좋고 크기도 압도적이라 앞으로는 다른 데 안 보고 무조건 여기서만 주문할 겁니다. 이번에 제대로 알게 된 맛집 같아요.</span></div></div><div class="sdp-review__article__list__survey"></div><div class="sdp-review__article__list__help js_reviewArticleHelpfulContainer twc-text-[12px]" data-review-id="758314286" data-count="1"><div class="sdp-review__article__list__help__count"><strong>1</strong> 명에게 도움 됨</div><div class="twc-inline-block"><button class="sdp-review__article__list__help__btn js_reviewArticleHelpBtn">도움이 돼요</button><button class="sdp-review__article__list__help__btn js_reviewArticleNoHelpBtn">도움 안 돼요</button></div><button class="sdp-review__article__list__help__report-btn js_reviewArticleReviewReportBtn" data-review-id="758314286">신고하기</button><div class="sdp-review__clear"></div></div></article><article class="sdp-review__article__list js_reviewArticleReviewList"><div class="sdp-review__article__list__info"><div class="sdp-review__article__list__info__profile"><img class="js_reviewArticleCrop js_reviewUserProfileImage" alt="" data-member-id="161126283" loading="lazy" src="//img1a.coupangcdn.com/image/productreview/web/pdp/profile/img-profile-empty.png"></div><div class="sdp-review__article__list__info__user"><span class="sdp-review__article__list__info__user__name js_reviewUserProfileImage" data-member-id="161126283">손*숙&nbsp;</span></div><div class="sdp-review__article__list__info__product-info"><div class="sdp-review__article__list__info__product-info__star-gray"><div class="sdp-review__article__list__info__product-info__star-orange twc-w-full" data-rating="5"></div></div><div class="sdp-review__article__list__info__product-info__reg-date">2025.08.31</div></div><div class="sdp-review__article__list__info__product-info__seller_name">판매자: 밸류코드 주식회사</div><div class="sdp-review__article__list__info__product-info__name">삼시세끼연구소 최북단 연평도 조업 살이 단단한 25년 햇꽃게 활 꽃게 숫꽃게 생물, 1세트, 1kg</div></div><div class="sdp-review__article__list__attachment js_reviewArticleListGalleryContainer"><div class="sdp-review__article__list__attachment__list"><img class="sdp-review__article__list__attachment__img js_reviewArticleListImage js_reviewArticleCrop" data-has-caption="false" data-caption="" alt="" data-video-size="0" data-thumbnail-path="https://thumbnail8.coupangcdn.com/thumbnails/local/320/image2/PRODUCTREVIEW/202508/31/3903200070366230880/8ca25265-1117-4b35-987f-2b71817cacad.png" data-origin-path="https://thumbnail8.coupangcdn.com/thumbnails/local/q-1/image2/PRODUCTREVIEW/202508/31/3903200070366230880/8ca25265-1117-4b35-987f-2b71817cacad.png" data-num="0" loading="lazy" src="https://thumbnail8.coupangcdn.com/thumbnails/local/320/image2/PRODUCTREVIEW/202508/31/3903200070366230880/8ca25265-1117-4b35-987f-2b71817cacad.png"></div><div class="sdp-review__article__list__attachment__list"><img class="sdp-review__article__list__attachment__img js_reviewArticleListImage js_reviewArticleCrop" data-has-caption="false" data-caption="" alt="" data-video-size="0" data-thumbnail-path="https://thumbnail10.coupangcdn.com/thumbnails/local/320/image2/PRODUCTREVIEW/202508/31/3903200070366230880/0ee1e79a-86ad-4561-b532-a4f39f65a68a.png" data-origin-path="https://thumbnail10.coupangcdn.com/thumbnails/local/q-1/image2/PRODUCTREVIEW/202508/31/3903200070366230880/0ee1e79a-86ad-4561-b532-a4f39f65a68a.png" data-num="1" loading="lazy" src="https://thumbnail10.coupangcdn.com/thumbnails/local/320/image2/PRODUCTREVIEW/202508/31/3903200070366230880/0ee1e79a-86ad-4561-b532-a4f39f65a68a.png"></div><div class="sdp-review__article__list__attachment__list"><img class="sdp-review__article__list__attachment__img js_reviewArticleListImage js_reviewArticleCrop" data-has-caption="false" data-caption="" alt="" data-video-size="0" data-thumbnail-path="https://thumbnail6.coupangcdn.com/thumbnails/local/320/image2/PRODUCTREVIEW/202508/31/3903200070366230880/4b9f7603-14f1-4fd5-b2db-198e4589054c.png" data-origin-path="https://thumbnail6.coupangcdn.com/thumbnails/local/q-1/image2/PRODUCTREVIEW/202508/31/3903200070366230880/4b9f7603-14f1-4fd5-b2db-198e4589054c.png" data-num="2" loading="lazy" src="https://thumbnail6.coupangcdn.com/thumbnails/local/320/image2/PRODUCTREVIEW/202508/31/3903200070366230880/4b9f7603-14f1-4fd5-b2db-198e4589054c.png"></div></div><div class="sdp-review__article__list__review js_reviewArticleContentContainer"><div class="sdp-review__article__list__review__content js_reviewArticleContent"><span class="twc-bg-white" translate="no">게가 꽤 큽니다. 처음 박스를 열었을 때부터 크기가 일정하고 묵직해서 벌써부터 기대가 됐습니다. 실제로 쪄서 먹어보니 살 수율도 아주 좋아서 껍질을 열자마자 단단하게 꽉 찬 하얀 게살이 주르륵 나오더라구요. 씹을 때마다 단맛이 확 느껴져서 “아, 이게 진짜 꽃게구나” 싶었습니다. 비린내가 전혀 없고 고소하면서 달큰한 맛이 있어서 가족 모두 정신없이 먹었습니다.<br><br>너무 맛있어서 한 번에 다 먹을까 싶었지만, 된장찌개에 넣어보려고 몇 마리는 냉동 보관해두었습니다. 국물 요리에 넣으면 시원하고 깊은 맛을 낼 거라 기대됩니다. 평소 마트에서 사먹던 꽃게는 살이 빠져 있거나 냄새가 나서 아쉬웠는데, 이번에 삼시세끼연구소에서 받은 연평도 꽃게는 확실히 달랐습니다. 설명대로 최북단 연평도에서 매일 새벽 조업해 바로 선별·빙장 포장해서 보내주신 거라 신선도가 남다른 게 느껴졌습니다.<br><br>살 수율도 대체로 좋았습니다. 몸통은 90% 가까이 꽉 차 있고, 집게다리도 단단하게 살이 박혀 있어 발라먹는 재미가 있었습니다. 특히 쪄서 먹었을 때 달큰하고 촉촉한 맛이 너무 좋아서 그냥 먹는 것만으로도 훌륭한 한 끼가 됐습니다. 게살을 발라 밥 위에 얹어 먹으니 감칠맛이 배가 되고, 남은 국물은 국으로 끓여내니 또 다른 맛이 나더라구요.</span></div></div><div class="sdp-review__article__list__survey"></div><div class="sdp-review__article__list__help js_reviewArticleHelpfulContainer twc-text-[12px]" data-review-id="759772620" data-count="0"><div class="js__help__count__tip sdp-review__article__list__help__count">이 상품평이 도움 되었나요?</div><div class="twc-inline-block"><button class="sdp-review__article__list__help__btn js_reviewArticleHelpBtn">도움이 돼요</button><button class="sdp-review__article__list__help__btn js_reviewArticleNoHelpBtn">도움 안 돼요</button></div><button class="sdp-review__article__list__help__report-btn js_reviewArticleReviewReportBtn" data-review-id="759772620">신고하기</button><div class="sdp-review__clear"></div></div></article><article class="sdp-review__article__list js_reviewArticleReviewList"><div class="sdp-review__article__list__info"><div class="sdp-review__article__list__info__profile"><img class="js_reviewArticleCrop js_reviewUserProfileImage" alt="" data-member-id="21135037" loading="lazy" src="//img1a.coupangcdn.com/image/productreview/web/pdp/profile/img-profile-empty.png"></div><div class="sdp-review__article__list__info__user"><span class="sdp-review__article__list__info__user__name js_reviewUserProfileImage" data-member-id="21135037">차*은&nbsp;</span></div><div class="sdp-review__article__list__info__product-info"><div class="sdp-review__article__list__info__product-info__star-gray"><div class="sdp-review__article__list__info__product-info__star-orange twc-w-full" data-rating="5"></div></div><div class="sdp-review__article__list__info__product-info__reg-date">2025.08.27</div></div><div class="sdp-review__article__list__info__product-info__seller_name">판매자: 밸류코드 주식회사</div><div class="sdp-review__article__list__info__product-info__name">삼시세끼연구소 최북단 연평도 조업 살이 단단한 25년 햇꽃게 활 꽃게 숫꽃게 생물, 1세트, 1kg</div></div><div class="sdp-review__article__list__attachment js_reviewArticleListGalleryContainer"><div class="sdp-review__article__list__attachment__list"><img class="sdp-review__article__list__attachment__img js_reviewArticleListImage js_reviewArticleCrop" data-has-caption="false" data-caption="" alt="" data-video-size="0" data-thumbnail-path="https://thumbnail9.coupangcdn.com/thumbnails/local/320/image2/PRODUCTREVIEW/202508/27/3092687144073613791/8459d6ba-8939-4907-8684-fbb5ddaffa5e.png" data-origin-path="https://thumbnail9.coupangcdn.com/thumbnails/local/q-1/image2/PRODUCTREVIEW/202508/27/3092687144073613791/8459d6ba-8939-4907-8684-fbb5ddaffa5e.png" data-num="0" loading="lazy" src="https://thumbnail9.coupangcdn.com/thumbnails/local/320/image2/PRODUCTREVIEW/202508/27/3092687144073613791/8459d6ba-8939-4907-8684-fbb5ddaffa5e.png"></div><div class="sdp-review__article__list__attachment__list"><img class="sdp-review__article__list__attachment__img js_reviewArticleListImage js_reviewArticleCrop" data-has-caption="false" data-caption="" alt="" data-video-size="0" data-thumbnail-path="https://thumbnail7.coupangcdn.com/thumbnails/local/320/image2/PRODUCTREVIEW/202508/27/3092687144073613791/44830572-a7e6-4fba-927c-961dce2c941e.png" data-origin-path="https://thumbnail7.coupangcdn.com/thumbnails/local/q-1/image2/PRODUCTREVIEW/202508/27/3092687144073613791/44830572-a7e6-4fba-927c-961dce2c941e.png" data-num="1" loading="lazy" src="https://thumbnail7.coupangcdn.com/thumbnails/local/320/image2/PRODUCTREVIEW/202508/27/3092687144073613791/44830572-a7e6-4fba-927c-961dce2c941e.png"></div><div class="sdp-review__article__list__attachment__list"><img class="sdp-review__article__list__attachment__img js_reviewArticleListImage js_reviewArticleCrop" data-has-caption="false" data-caption="" alt="" data-video-size="0" data-thumbnail-path="https://thumbnail8.coupangcdn.com/thumbnails/local/320/image2/PRODUCTREVIEW/202508/27/3092687144073613791/d52ad9ca-ab7d-4ee8-9abc-f0d53baf2be6.png" data-origin-path="https://thumbnail8.coupangcdn.com/thumbnails/local/q-1/image2/PRODUCTREVIEW/202508/27/3092687144073613791/d52ad9ca-ab7d-4ee8-9abc-f0d53baf2be6.png" data-num="2" loading="lazy" src="https://thumbnail8.coupangcdn.com/thumbnails/local/320/image2/PRODUCTREVIEW/202508/27/3092687144073613791/d52ad9ca-ab7d-4ee8-9abc-f0d53baf2be6.png"></div></div><div class="sdp-review__article__list__review js_reviewArticleContentContainer"><div class="sdp-review__article__list__review__content js_reviewArticleContent"><span class="twc-bg-white" translate="no">이번에 처음 주문해본 삼시세끼연구소 연평도 수꽃게, 받자마자 바로 쪄먹어봤습니다. <br>박스를 열어보니 크기가 큰 게 3마리, 약간 작은 게 2마리 해서 총 5마리가 들어 있더라구요. <br>사실 1kg에 4~6미라고 해서 적어도 7마리 이상 들어 있을 거라 생각했는데, 무게 기준으로 맞춰 보내주신 거 같았습니다. <br>무게를 직접 재보지는 않았지만, 실제로 보니 크기가 워낙 크다 보니 개수가 적게 들어온 것 같더라구요.<br><br>처음엔 순간 아쉽다는 생각이 들었는데, 막상 찜으로 쪄서 먹어보니 생각이 달라졌습니다. <br>크기가 큰 만큼 살이 단단하게 꽉 차 있어서 양으로 부족하지 않았고, 수율도 아주 좋아서 먹는 내내 만족스러웠습니다.<br>집게다리를 열면 하얀 살이 가득 차 있고, 몸통 살도 촉촉하면서 달큰해서 아이들과 함께 정신없이 먹었습니다. <br>아이 둘이 꽃게를 워낙 좋아하는데, 비린내도 안 나고 달큰하다 보니 밥 반찬으로도 잘 먹더라구요.<br><br>삼시세끼 꽃게가 다른 곳과 확실히 다른 점은 신선도였습니다. <br>설명대로 매일 새벽 연평도 최북단에서 직접 조업한 꽃게라 그런지, 받아보니 냄새도 없고 포장도 아이스박스에 빙장 포장으로 꼼꼼하게 돼 있어서 그대로 믿음이 갔습니다.</span></div></div><div class="sdp-review__article__list__survey"></div><div class="sdp-review__article__list__help js_reviewArticleHelpfulContainer twc-text-[12px]" data-review-id="758485279" data-count="1"><div class="sdp-review__article__list__help__count"><strong>1</strong> 명에게 도움 됨</div><div class="twc-inline-block"><button class="sdp-review__article__list__help__btn js_reviewArticleHelpBtn">도움이 돼요</button><button class="sdp-review__article__list__help__btn js_reviewArticleNoHelpBtn">도움 안 돼요</button></div><button class="sdp-review__article__list__help__report-btn js_reviewArticleReviewReportBtn" data-review-id="758485279">신고하기</button><div class="sdp-review__clear"></div></div></article><article class="sdp-review__article__list js_reviewArticleReviewList"><div class="sdp-review__article__list__info"><div class="sdp-review__article__list__info__profile"><img class="js_reviewArticleCrop js_reviewUserProfileImage" alt="" data-member-id="122595958" loading="lazy" src="//img1a.coupangcdn.com/image/productreview/web/pdp/profile/img-profile-empty.png"></div><div class="sdp-review__article__list__info__user"><span class="sdp-review__article__list__info__user__name js_reviewUserProfileImage" data-member-id="122595958">김*진&nbsp;</span></div><div class="sdp-review__article__list__info__product-info"><div class="sdp-review__article__list__info__product-info__star-gray"><div class="sdp-review__article__list__info__product-info__star-orange twc-w-full" data-rating="5"></div></div><div class="sdp-review__article__list__info__product-info__reg-date">2025.08.31</div></div><div class="sdp-review__article__list__info__product-info__seller_name">판매자: 밸류코드 주식회사</div><div class="sdp-review__article__list__info__product-info__name">삼시세끼연구소 최북단 연평도 조업 살이 단단한 25년 햇꽃게 활 꽃게 숫꽃게 생물, 1세트, 1kg</div></div><div class="sdp-review__article__list__attachment js_reviewArticleListGalleryContainer"><div class="sdp-review__article__list__attachment__list"><img class="sdp-review__article__list__attachment__img js_reviewArticleListImage js_reviewArticleCrop" data-has-caption="false" data-caption="" alt="" data-video-size="0" data-thumbnail-path="https://thumbnail9.coupangcdn.com/thumbnails/local/320/image2/PRODUCTREVIEW/202508/31/882769359118070024/eefc698b-54d6-45af-9031-7f0bf6572578.png" data-origin-path="https://thumbnail9.coupangcdn.com/thumbnails/local/q-1/image2/PRODUCTREVIEW/202508/31/882769359118070024/eefc698b-54d6-45af-9031-7f0bf6572578.png" data-num="0" loading="lazy" src="https://thumbnail9.coupangcdn.com/thumbnails/local/320/image2/PRODUCTREVIEW/202508/31/882769359118070024/eefc698b-54d6-45af-9031-7f0bf6572578.png"></div><div class="sdp-review__article__list__attachment__list"><img class="sdp-review__article__list__attachment__img js_reviewArticleListImage js_reviewArticleCrop" data-has-caption="false" data-caption="" alt="" data-video-size="0" data-thumbnail-path="https://thumbnail10.coupangcdn.com/thumbnails/local/320/image2/PRODUCTREVIEW/202508/31/882769359118070024/1967cc1d-ac22-4a73-9e6e-c0807cf95a4e.png" data-origin-path="https://thumbnail10.coupangcdn.com/thumbnails/local/q-1/image2/PRODUCTREVIEW/202508/31/882769359118070024/1967cc1d-ac22-4a73-9e6e-c0807cf95a4e.png" data-num="1" loading="lazy" src="https://thumbnail10.coupangcdn.com/thumbnails/local/320/image2/PRODUCTREVIEW/202508/31/882769359118070024/1967cc1d-ac22-4a73-9e6e-c0807cf95a4e.png"></div><div class="sdp-review__article__list__attachment__list"><img class="sdp-review__article__list__attachment__img js_reviewArticleListImage js_reviewArticleCrop" data-has-caption="false" data-caption="" alt="" data-video-size="0" data-thumbnail-path="https://thumbnail8.coupangcdn.com/thumbnails/local/320/image2/PRODUCTREVIEW/202508/31/882769359118070024/785846d0-9823-4d46-a56c-cf3da5bec3b7.png" data-origin-path="https://thumbnail8.coupangcdn.com/thumbnails/local/q-1/image2/PRODUCTREVIEW/202508/31/882769359118070024/785846d0-9823-4d46-a56c-cf3da5bec3b7.png" data-num="2" loading="lazy" src="https://thumbnail8.coupangcdn.com/thumbnails/local/320/image2/PRODUCTREVIEW/202508/31/882769359118070024/785846d0-9823-4d46-a56c-cf3da5bec3b7.png"></div></div><div class="sdp-review__article__list__review js_reviewArticleContentContainer"><div class="sdp-review__article__list__review__content js_reviewArticleContent"><span class="twc-bg-white" translate="no">집에서 새우를 사뒀다가 조금 남아서, 이번엔 꽃게탕에 같이 넣어먹으려고 삼시세끼연구소 연평도 꽃게를 주문했습니다. 사실 ‘탕용으로 그냥 대충 쓰면 되겠지’ 하고 큰 기대 없이 시켰는데, 받아보니 생각보다 훨씬 실하고 신선해서 깜짝 놀랐어요. 가격대비 이 정도 퀄리티라면 정말 만족입니다.<br><br>꽃게를 쪄서 맛만 보려고 했는데, 살이 단단하게 꽉 차 있고 게살에서 달큰한 단맛이 확 올라와서 그냥 먹기만 해도 훌륭했습니다. 국물에 넣으니 시원하고 감칠맛이 폭발해서 새우랑 같이 끓였는데도 꽃게 맛이 확실히 주인공이 되더라구요.<br><br>특히 설명대로 1kg에 4~6미 로열사이즈만 엄선한다더니, 크기부터 일정하고 속이 묵직했습니다. 빙장포장으로 꼼꼼히 배송돼서 냄새 하나 없이 깔끔하게 받았고, 그대로 냄비에 넣으니 탕 맛이 완전히 달라졌습니다. 살의 수율도 좋아서 남편이랑 아이들까지 모두 만족하면서 먹었고, 남은 건 된장찌개에 활용하려고 냉동 보관해뒀습니다.<br><br>꽃게 특유의 단맛과 통통한 살 덕분에 탕이든 찜이든 실패가 없네요. 가격대비 너무 만족스럽고, 다음에도 또 주문할 생각입니다.</span></div></div><div class="sdp-review__article__list__survey"></div><div class="sdp-review__article__list__help js_reviewArticleHelpfulContainer twc-text-[12px]" data-review-id="760036719" data-count="0"><div class="js__help__count__tip sdp-review__article__list__help__count">이 상품평이 도움 되었나요?</div><div class="twc-inline-block"><button class="sdp-review__article__list__help__btn js_reviewArticleHelpBtn">도움이 돼요</button><button class="sdp-review__article__list__help__btn js_reviewArticleNoHelpBtn">도움 안 돼요</button></div><button class="sdp-review__article__list__help__report-btn js_reviewArticleReviewReportBtn" data-review-id="760036719">신고하기</button><div class="sdp-review__clear"></div></div></article><article class="sdp-review__article__list js_reviewArticleReviewList"><div class="sdp-review__article__list__info"><div class="sdp-review__article__list__info__profile"><img class="js_reviewArticleCrop js_reviewUserProfileImage" alt="" data-member-id="46226947" loading="lazy" src="//img1a.coupangcdn.com/image/productreview/web/pdp/profile/img-profile-empty.png"></div><div class="sdp-review__article__list__info__user"><span class="sdp-review__article__list__info__user__name js_reviewUserProfileImage" data-member-id="46226947">김*지&nbsp;</span><img class="sdp-review__article__list__info__top-badge js_reviewArticleTopReviewBtn" alt="" loading="lazy" src="//img1a.coupangcdn.com/image/productreview/web/pdp/badges/TOP1000_v1.png"></div><div class="sdp-review__article__list__info__product-info"><div class="sdp-review__article__list__info__product-info__star-gray"><div class="sdp-review__article__list__info__product-info__star-orange twc-w-full" data-rating="5"></div></div><div class="sdp-review__article__list__info__product-info__reg-date">2025.08.28</div></div><div class="sdp-review__article__list__info__product-info__seller_name">판매자: 밸류코드 주식회사</div><div class="sdp-review__article__list__info__product-info__name">삼시세끼연구소 최북단 연평도 조업 살이 단단한 25년 햇꽃게 활 꽃게 숫꽃게 생물, 1세트, 1kg</div></div><div class="sdp-review__article__list__attachment js_reviewArticleListGalleryContainer"><div class="sdp-review__article__list__attachment__list"><img class="sdp-review__article__list__attachment__img js_reviewArticleListImage js_reviewArticleCrop" data-has-caption="false" alt="" data-video-size="0" data-thumbnail-path="https://thumbnail8.coupangcdn.com/thumbnails/local/320/image2/PRODUCTREVIEW/202508/28/8112832473090440399/edfd3547-2118-4b77-9d4a-e7d0a4e4d26e.jpg" data-origin-path="https://thumbnail8.coupangcdn.com/thumbnails/local/q-1/image2/PRODUCTREVIEW/202508/28/8112832473090440399/edfd3547-2118-4b77-9d4a-e7d0a4e4d26e.jpg" data-num="0" loading="lazy" src="https://thumbnail8.coupangcdn.com/thumbnails/local/320/image2/PRODUCTREVIEW/202508/28/8112832473090440399/edfd3547-2118-4b77-9d4a-e7d0a4e4d26e.jpg"></div><div class="sdp-review__article__list__attachment__list"><img class="sdp-review__article__list__attachment__img js_reviewArticleListImage js_reviewArticleCrop" data-has-caption="false" alt="" data-video-size="0" data-thumbnail-path="https://thumbnail9.coupangcdn.com/thumbnails/local/320/image2/PRODUCTREVIEW/202508/28/8112832473090440399/998ab996-83e4-43e8-8b43-f4973c144501.jpg" data-origin-path="https://thumbnail9.coupangcdn.com/thumbnails/local/q-1/image2/PRODUCTREVIEW/202508/28/8112832473090440399/998ab996-83e4-43e8-8b43-f4973c144501.jpg" data-num="1" loading="lazy" src="https://thumbnail9.coupangcdn.com/thumbnails/local/320/image2/PRODUCTREVIEW/202508/28/8112832473090440399/998ab996-83e4-43e8-8b43-f4973c144501.jpg"></div><div class="sdp-review__article__list__attachment__list"><img class="sdp-review__article__list__attachment__img js_reviewArticleListImage js_reviewArticleCrop" data-has-caption="false" alt="" data-video-size="0" data-thumbnail-path="https://thumbnail9.coupangcdn.com/thumbnails/local/320/image2/PRODUCTREVIEW/202508/28/8112832473090440399/7c00d2fd-57c4-4365-8674-c7300b11479f.jpg" data-origin-path="https://thumbnail9.coupangcdn.com/thumbnails/local/q-1/image2/PRODUCTREVIEW/202508/28/8112832473090440399/7c00d2fd-57c4-4365-8674-c7300b11479f.jpg" data-num="2" loading="lazy" src="https://thumbnail9.coupangcdn.com/thumbnails/local/320/image2/PRODUCTREVIEW/202508/28/8112832473090440399/7c00d2fd-57c4-4365-8674-c7300b11479f.jpg"></div></div><div class="sdp-review__article__list__review js_reviewArticleContentContainer"><div class="sdp-review__article__list__review__content js_reviewArticleContent"><span class="twc-bg-white" translate="no">둘이서 1kg 주문해서 총 5마리 쪄먹었는데 양이 딱 알맞았습니다. 처음엔 “5마리면 조금 적지 않나?” 싶었는데 막상 쪄서 먹어보니 몸통이 워낙 통통해서 양이 부족하다는 생각이 전혀 안 들더라구요. 살이 단단하게 꽉 차 있어서 한 입 먹을 때마다 게살이 입안 가득 느껴지는 게 정말 만족스러웠습니다. 다리는 몇 개 떨어져서 왔지만, 솔직히 먹는 건 몸통이 주라서 크게 신경 쓰이지 않았습니다. 오히려 몸통이 꽉 차 있으니 먹을 게 훨씬 많아서 좋았어요. ㅋㅋ<br><br>맛은 두말할 필요가 없었습니다. 쪄서 그냥 먹기만 했는데도 달큰한 감칠맛이 확 올라와서 밥 반찬으로도, 술안주로도 너무 잘 어울렸습니다. 게살을 발라 밥 위에 얹어 먹으니 은근히 고소하면서도 국물 같은 단맛이 배어 나와서 따로 양념이 필요 없을 정도였습니다. 무엇보다 신선해서 비린내가 전혀 없고 깔끔한 맛만 남았다는 게 가장 큰 차이점이었어요.</span></div></div><div class="sdp-review__article__list__survey"></div><div class="sdp-review__article__list__help js_reviewArticleHelpfulContainer twc-text-[12px]" data-review-id="758679331" data-count="0"><div class="js__help__count__tip sdp-review__article__list__help__count">이 상품평이 도움 되었나요?</div><div class="twc-inline-block"><button class="sdp-review__article__list__help__btn js_reviewArticleHelpBtn">도움이 돼요</button><button class="sdp-review__article__list__help__btn js_reviewArticleNoHelpBtn">도움 안 돼요</button></div><button class="sdp-review__article__list__help__report-btn js_reviewArticleReviewReportBtn" data-review-id="758679331">신고하기</button><div class="sdp-review__clear"></div></div></article><article class="sdp-review__article__list js_reviewArticleReviewList"><div class="sdp-review__article__list__info"><div class="sdp-review__article__list__info__profile"><img class="js_reviewArticleCrop js_reviewUserProfileImage" alt="" data-member-id="540379568701444" loading="lazy" src="//img1a.coupangcdn.com/image/productreview/web/pdp/profile/img-profile-empty.png"></div><div class="sdp-review__article__list__info__user"><span class="sdp-review__article__list__info__user__name js_reviewUserProfileImage" data-member-id="540379568701444">강*직&nbsp;</span></div><div class="sdp-review__article__list__info__product-info"><div class="sdp-review__article__list__info__product-info__star-gray"><div class="sdp-review__article__list__info__product-info__star-orange twc-w-full" data-rating="5"></div></div><div class="sdp-review__article__list__info__product-info__reg-date">2025.08.27</div></div><div class="sdp-review__article__list__info__product-info__seller_name">판매자: 밸류코드 주식회사</div><div class="sdp-review__article__list__info__product-info__name">삼시세끼연구소 최북단 연평도 조업 살이 단단한 25년 햇꽃게 활 꽃게 숫꽃게 생물, 1세트, 1kg</div></div><div class="sdp-review__article__list__attachment js_reviewArticleListGalleryContainer"><div class="sdp-review__article__list__attachment__list"><img class="sdp-review__article__list__attachment__img js_reviewArticleListImage js_reviewArticleCrop" data-has-caption="false" alt="" data-video-size="0" data-thumbnail-path="https://thumbnail8.coupangcdn.com/thumbnails/local/320/image2/PRODUCTREVIEW/202508/27/1515106579601122379/49865896-dfe9-4bb3-892a-3f8a928c1f84.jpg" data-origin-path="https://thumbnail8.coupangcdn.com/thumbnails/local/q-1/image2/PRODUCTREVIEW/202508/27/1515106579601122379/49865896-dfe9-4bb3-892a-3f8a928c1f84.jpg" data-num="0" loading="lazy" src="https://thumbnail8.coupangcdn.com/thumbnails/local/320/image2/PRODUCTREVIEW/202508/27/1515106579601122379/49865896-dfe9-4bb3-892a-3f8a928c1f84.jpg"></div><div class="sdp-review__article__list__attachment__list"><img class="sdp-review__article__list__attachment__img js_reviewArticleListImage js_reviewArticleCrop" data-has-caption="false" alt="" data-video-size="0" data-thumbnail-path="https://thumbnail7.coupangcdn.com/thumbnails/local/320/image2/PRODUCTREVIEW/202508/27/1515106579601122379/7b705490-a9e5-4602-8c95-284da326d12c.jpg" data-origin-path="https://thumbnail7.coupangcdn.com/thumbnails/local/q-1/image2/PRODUCTREVIEW/202508/27/1515106579601122379/7b705490-a9e5-4602-8c95-284da326d12c.jpg" data-num="1" loading="lazy" src="https://thumbnail7.coupangcdn.com/thumbnails/local/320/image2/PRODUCTREVIEW/202508/27/1515106579601122379/7b705490-a9e5-4602-8c95-284da326d12c.jpg"></div><div class="sdp-review__article__list__attachment__list"><img class="sdp-review__article__list__attachment__img js_reviewArticleListImage js_reviewArticleCrop" data-has-caption="false" alt="" data-video-size="0" data-thumbnail-path="https://thumbnail10.coupangcdn.com/thumbnails/local/320/image2/PRODUCTREVIEW/202508/27/1515106579601122379/42734356-14e8-4281-a83a-0357de66e429.jpg" data-origin-path="https://thumbnail10.coupangcdn.com/thumbnails/local/q-1/image2/PRODUCTREVIEW/202508/27/1515106579601122379/42734356-14e8-4281-a83a-0357de66e429.jpg" data-num="2" loading="lazy" src="https://thumbnail10.coupangcdn.com/thumbnails/local/320/image2/PRODUCTREVIEW/202508/27/1515106579601122379/42734356-14e8-4281-a83a-0357de66e429.jpg"></div></div><div class="sdp-review__article__list__review js_reviewArticleContentContainer"><div class="sdp-review__article__list__review__content js_reviewArticleContent"><span class="twc-bg-white" translate="no">캠핑 가서 특별한 음식을 해먹고 싶어서 주문했는데 대성공이었습니다. 아이스박스 그대로 들고 가서 현장에서 찜을 했는데, 다들 이렇게 맛있는 꽃게는 처음이라며 감탄했습니다. 살이 꽉 차 있어서 먹을 게 많고, 국물은 시원하고 달달했습니다. 캠핑 음식으로 이만한 게 없네요.</span></div></div><div class="sdp-review__article__list__survey"></div><div class="sdp-review__article__list__help js_reviewArticleHelpfulContainer twc-text-[12px]" data-review-id="758473867" data-count="0"><div class="js__help__count__tip sdp-review__article__list__help__count">이 상품평이 도움 되었나요?</div><div class="twc-inline-block"><button class="sdp-review__article__list__help__btn js_reviewArticleHelpBtn">도움이 돼요</button><button class="sdp-review__article__list__help__btn js_reviewArticleNoHelpBtn">도움 안 돼요</button></div><button class="sdp-review__article__list__help__report-btn js_reviewArticleReviewReportBtn" data-review-id="758473867">신고하기</button><div class="sdp-review__clear"></div></div></article><article class="sdp-review__article__list js_reviewArticleReviewList"><div class="sdp-review__article__list__info"><div class="sdp-review__article__list__info__profile"><img class="js_reviewArticleCrop js_reviewUserProfileImage" alt="" data-member-id="124778797" loading="lazy" src="//thumbnail8.coupangcdn.com/thumbnails/local/320/image2/PRODUCTREVIEW/202412/31/8677041806565134392/3b126f81-abf3-4134-bfc5-b564ce63bb79.jpg"></div><div class="sdp-review__article__list__info__user"><span class="sdp-review__article__list__info__user__name js_reviewUserProfileImage" data-member-id="124778797">딸기&nbsp;</span></div><div class="sdp-review__article__list__info__product-info"><div class="sdp-review__article__list__info__product-info__star-gray"><div class="sdp-review__article__list__info__product-info__star-orange twc-w-full" data-rating="5"></div></div><div class="sdp-review__article__list__info__product-info__reg-date">2025.08.29</div></div><div class="sdp-review__article__list__info__product-info__seller_name">판매자: 밸류코드 주식회사</div><div class="sdp-review__article__list__info__product-info__name">삼시세끼연구소 최북단 연평도 조업 살이 단단한 25년 햇꽃게 활 꽃게 숫꽃게 생물, 1세트, 1kg</div></div><div class="sdp-review__article__list__attachment js_reviewArticleListGalleryContainer"></div><div class="sdp-review__article__list__review js_reviewArticleContentContainer"><div class="sdp-review__article__list__review__content js_reviewArticleContent"><span class="twc-bg-white" translate="no">✅ 신선도<br><br>연평도에서 바로 조업한 활 꽃게라 그런지 받자마자 살아있고 힘이 좋았습니다<br>살이 단단하고 껍질도 깨끗해 신선함이 확실히 느껴졌습니다.<br><br>✅ 맛 &amp; 식감<br><br>찜으로 쪄서 먹으니 살이 꽉 차고 담백하면서도 달큰한 꽃게 본연의 맛이 그대로 전해졌습니다.<br>특히 숫꽃게라 살집이 좋아 먹는 재미가 있었고, 국물 요리에도 깊은 감칠맛이 더해졌습니다<br><br>✅ 만족도<br><br>가정에서 꽃게찜, 꽃게탕, 꽃게무침 등 다양한 요리로 활용하기 좋고, 신선도가 높아 손님상에 내놓기에도 손색이 없었습니다.<br>25년 전통 조업이라 믿고 먹을 수 있어 앞으로도 재구매 의사가 있습니다✨<br><br>좋아요 눌러주세요~❤️<br>#연평도꽃게 #햇꽃게 #숫꽃게 #삼시세끼연구소 #살이꽉찬꽃게 #신선한해산물 #꽃게찜 #꽃게탕추천</span></div></div><div class="sdp-review__article__list__survey"></div><div class="sdp-review__article__list__help js_reviewArticleHelpfulContainer twc-text-[12px]" data-review-id="759285089" data-count="1"><div class="sdp-review__article__list__help__count"><strong>1</strong> 명에게 도움 됨</div><div class="twc-inline-block"><button class="sdp-review__article__list__help__btn js_reviewArticleHelpBtn">도움이 돼요</button><button class="sdp-review__article__list__help__btn js_reviewArticleNoHelpBtn">도움 안 돼요</button></div><button class="sdp-review__article__list__help__report-btn js_reviewArticleReviewReportBtn" data-review-id="759285089">신고하기</button><div class="sdp-review__clear"></div></div></article><article class="sdp-review__article__list js_reviewArticleReviewList"><div class="sdp-review__article__list__info"><div class="sdp-review__article__list__info__profile"><img class="js_reviewArticleCrop js_reviewUserProfileImage" alt="" data-member-id="4181597" loading="lazy" src="//img1a.coupangcdn.com/image/productreview/web/pdp/profile/img-profile-empty.png"></div><div class="sdp-review__article__list__info__user"><span class="sdp-review__article__list__info__user__name js_reviewUserProfileImage" data-member-id="4181597">손*주&nbsp;</span></div><div class="sdp-review__article__list__info__product-info"><div class="sdp-review__article__list__info__product-info__star-gray"><div class="sdp-review__article__list__info__product-info__star-orange twc-w-full" data-rating="5"></div></div><div class="sdp-review__article__list__info__product-info__reg-date">2025.08.27</div></div><div class="sdp-review__article__list__info__product-info__seller_name">판매자: 밸류코드 주식회사</div><div class="sdp-review__article__list__info__product-info__name">삼시세끼연구소 최북단 연평도 조업 살이 단단한 25년 햇꽃게 활 꽃게 숫꽃게 생물, 1세트, 1kg</div></div><div class="sdp-review__article__list__attachment js_reviewArticleListGalleryContainer"><div class="sdp-review__article__list__attachment__list"><img class="sdp-review__article__list__attachment__img js_reviewArticleListImage js_reviewArticleCrop" data-has-caption="false" data-caption="" alt="" data-video-size="0" data-thumbnail-path="https://thumbnail7.coupangcdn.com/thumbnails/local/320/image2/PRODUCTREVIEW/202508/27/574155594320841945/e04f342b-0446-4b00-aaf3-f74276d322a7.png" data-origin-path="https://thumbnail7.coupangcdn.com/thumbnails/local/q-1/image2/PRODUCTREVIEW/202508/27/574155594320841945/e04f342b-0446-4b00-aaf3-f74276d322a7.png" data-num="0" loading="lazy" src="https://thumbnail7.coupangcdn.com/thumbnails/local/320/image2/PRODUCTREVIEW/202508/27/574155594320841945/e04f342b-0446-4b00-aaf3-f74276d322a7.png"></div><div class="sdp-review__article__list__attachment__list"><img class="sdp-review__article__list__attachment__img js_reviewArticleListImage js_reviewArticleCrop" data-has-caption="false" data-caption="" alt="" data-video-size="0" data-thumbnail-path="https://thumbnail7.coupangcdn.com/thumbnails/local/320/image2/PRODUCTREVIEW/202508/27/574155594320841945/36716a7d-e283-46c4-9e61-941b1e8c922a.png" data-origin-path="https://thumbnail7.coupangcdn.com/thumbnails/local/q-1/image2/PRODUCTREVIEW/202508/27/574155594320841945/36716a7d-e283-46c4-9e61-941b1e8c922a.png" data-num="1" loading="lazy" src="https://thumbnail7.coupangcdn.com/thumbnails/local/320/image2/PRODUCTREVIEW/202508/27/574155594320841945/36716a7d-e283-46c4-9e61-941b1e8c922a.png"></div></div><div class="sdp-review__article__list__review js_reviewArticleContentContainer"><div class="sdp-review__article__list__review__content js_reviewArticleContent"><span class="twc-bg-white" translate="no">저희 나이에는 단백질 섭취가 중요한데, 꽃게가 고단백 식품이라고 해서 <br>이번에 삼시세끼연구소에서 주문했습니다. <br>받아보니 크기가 크고, 속이 단단하게 차 있어서 식사 후에도 든든했습니다. <br>탕으로 끓여 먹으니 국물 맛이 깊고, 살은 달큰하니 입맛이 확 돌더군요. <br>무엇보다 잡는 과정까지 투명하게 설명해주셔서 믿고 먹을 수 있었습니다.</span></div></div><div class="sdp-review__article__list__survey"></div><div class="sdp-review__article__list__help js_reviewArticleHelpfulContainer twc-text-[12px]" data-review-id="758522897" data-count="1"><div class="sdp-review__article__list__help__count"><strong>1</strong> 명에게 도움 됨</div><div class="twc-inline-block"><button class="sdp-review__article__list__help__btn js_reviewArticleHelpBtn">도움이 돼요</button><button class="sdp-review__article__list__help__btn js_reviewArticleNoHelpBtn">도움 안 돼요</button></div><button class="sdp-review__article__list__help__report-btn js_reviewArticleReviewReportBtn" data-review-id="758522897">신고하기</button><div class="sdp-review__clear"></div></div></article><article class="sdp-review__article__list js_reviewArticleReviewList"><div class="sdp-review__article__list__info"><div class="sdp-review__article__list__info__profile"><img class="js_reviewArticleCrop js_reviewUserProfileImage" alt="" data-member-id="116262438" loading="lazy" src="//img1a.coupangcdn.com/image/productreview/web/pdp/profile/img-profile-empty.png"></div><div class="sdp-review__article__list__info__user"><span class="sdp-review__article__list__info__user__name js_reviewUserProfileImage" data-member-id="116262438">백*욱&nbsp;</span></div><div class="sdp-review__article__list__info__product-info"><div class="sdp-review__article__list__info__product-info__star-gray"><div class="sdp-review__article__list__info__product-info__star-orange twc-w-full" data-rating="5"></div></div><div class="sdp-review__article__list__info__product-info__reg-date">2025.08.28</div></div><div class="sdp-review__article__list__info__product-info__seller_name">판매자: 밸류코드 주식회사</div><div class="sdp-review__article__list__info__product-info__name">삼시세끼연구소 최북단 연평도 조업 살이 단단한 25년 햇꽃게 활 꽃게 숫꽃게 생물, 1세트, 1kg</div></div><div class="sdp-review__article__list__attachment js_reviewArticleListGalleryContainer"></div><div class="sdp-review__article__list__review js_reviewArticleContentContainer"><div class="sdp-review__article__list__review__content js_reviewArticleContent"><span class="twc-bg-white" translate="no">꽃게를 좋아해서 매년 제철마다 꼭 챙겨 먹는데, 올해는 연평도 최북단에서 조업한 상품이라고 하니 믿음이 갔습니다. 택배 박스를 열자마자 얼음 포장이 꼼꼼하게 되어 있어 신선도가 그대로 살아 있었고, 크기부터가 달라 보이더라고요.<br><br>게살이 얼마나 단단할까 궁금했는데, 찜통에 올려 쪄서 열어보니 살이 꽉 차서 숟가락으로 퍼낼 때마다 감탄이 절로 나왔습니다. 단순히 양만 많은 게 아니라, 살결이 탄력 있고 단단해서 입에 넣으면 퍽퍽하지 않고 담백하면서도 고소한 맛이 퍼져요.</span></div></div><div class="sdp-review__article__list__survey"></div><div class="sdp-review__article__list__help js_reviewArticleHelpfulContainer twc-text-[12px]" data-review-id="758728880" data-count="0"><div class="js__help__count__tip sdp-review__article__list__help__count">이 상품평이 도움 되었나요?</div><div class="twc-inline-block"><button class="sdp-review__article__list__help__btn js_reviewArticleHelpBtn">도움이 돼요</button><button class="sdp-review__article__list__help__btn js_reviewArticleNoHelpBtn">도움 안 돼요</button></div><button class="sdp-review__article__list__help__report-btn js_reviewArticleReviewReportBtn" data-review-id="758728880">신고하기</button><div class="sdp-review__clear"></div></div></article><article class="sdp-review__article__list js_reviewArticleReviewList"><div class="sdp-review__article__list__info"><div class="sdp-review__article__list__info__profile"><img class="js_reviewArticleCrop js_reviewUserProfileImage" alt="" data-member-id="114374051" loading="lazy" src="//img1a.coupangcdn.com/image/productreview/web/pdp/profile/img-profile-empty.png"></div><div class="sdp-review__article__list__info__user"><span class="sdp-review__article__list__info__user__name js_reviewUserProfileImage" data-member-id="114374051">토토리&nbsp;</span><img class="sdp-review__article__list__info__top-badge js_reviewArticleTopReviewBtn" alt="" loading="lazy" src="//img1a.coupangcdn.com/image/productreview/web/pdp/badges/TOP500_v1.png"></div><div class="sdp-review__article__list__info__product-info"><div class="sdp-review__article__list__info__product-info__star-gray"><div class="sdp-review__article__list__info__product-info__star-orange twc-w-full" data-rating="5"></div></div><div class="sdp-review__article__list__info__product-info__reg-date">2025.08.31</div></div><div class="sdp-review__article__list__info__product-info__seller_name">판매자: 밸류코드 주식회사</div><div class="sdp-review__article__list__info__product-info__name">삼시세끼연구소 최북단 연평도 조업 살이 단단한 25년 햇꽃게 활 꽃게 숫꽃게 생물, 1세트, 1kg</div></div><div class="sdp-review__article__list__attachment js_reviewArticleListGalleryContainer"><div class="sdp-review__article__list__attachment__list"><img class="sdp-review__article__list__attachment__img js_reviewArticleListImage js_reviewArticleCrop" data-has-caption="false" data-caption="" alt="" data-video-size="0" data-thumbnail-path="https://thumbnail10.coupangcdn.com/thumbnails/local/320/image2/PRODUCTREVIEW/202508/31/4964246109591209456/d90041c5-098a-4b78-8269-4ca616ae10b6.png" data-origin-path="https://thumbnail10.coupangcdn.com/thumbnails/local/q-1/image2/PRODUCTREVIEW/202508/31/4964246109591209456/d90041c5-098a-4b78-8269-4ca616ae10b6.png" data-num="0" loading="lazy" src="https://thumbnail10.coupangcdn.com/thumbnails/local/320/image2/PRODUCTREVIEW/202508/31/4964246109591209456/d90041c5-098a-4b78-8269-4ca616ae10b6.png"></div></div><div class="sdp-review__article__list__review js_reviewArticleContentContainer"><div class="sdp-review__article__list__review__content js_reviewArticleContent"><span class="twc-bg-white" translate="no">받자마자 바로 쪄서 먹어봤는데, 신선도가 좋아서인지 비린 맛이 전혀 없고 깔끔하게 달큰한 맛만 남아 너무 맛있게 잘 먹었습니다. 사실 주문하기 전에 게 살이 덜 차 있으면 어쩌지 고민을 조금 했는데, 막상 받아보니 생각보다 속이 꽉 차 있어서 만족스러웠습니다. 몸통 살도 단단하고 촉촉해서 발라먹는 재미가 있었고, 국물에 넣으니 감칠맛이 확 올라와서 집에서 먹었는데도 식당 부럽지 않았어요.</span></div></div><div class="sdp-review__article__list__survey"></div><div class="sdp-review__article__list__help js_reviewArticleHelpfulContainer twc-text-[12px]" data-review-id="759860067" data-count="0"><div class="js__help__count__tip sdp-review__article__list__help__count">이 상품평이 도움 되었나요?</div><div class="twc-inline-block"><button class="sdp-review__article__list__help__btn js_reviewArticleHelpBtn">도움이 돼요</button><button class="sdp-review__article__list__help__btn js_reviewArticleNoHelpBtn">도움 안 돼요</button></div><button class="sdp-review__article__list__help__report-btn js_reviewArticleReviewReportBtn" data-review-id="759860067">신고하기</button><div class="sdp-review__clear"></div></div></article><div class="sdp-review__article__page js_reviewArticlePagingContainer" data-page="1" data-start="1" data-end="3"><button class="sdp-review__article__page__prev js_reviewArticlePagePrevBtn" disabled=""></button><button class="sdp-review__article__page__num js_reviewArticlePageBtn sdp-review__article__page__num--active" data-page="1">1</button><button class="sdp-review__article__page__num js_reviewArticlePageBtn" data-page="2">2</button><button class="sdp-review__article__page__num js_reviewArticlePageBtn" data-page="3">3</button><button class="sdp-review__article__page__next js_reviewArticlePageNextBtn" disabled=""></button></div></div></div></div></div><div style="cursor: pointer; margin-bottom: 10px; display: initial;"><div id="midCarousel3" style="position: relative;"><a href="#" class="carousel-arrow-button prev"></a><a href="#" class="carousel-arrow-button next"></a><div style="display: flex; flex-direction: column; background-color: rgba(255, 255, 255, 1); overflow: hidden;" class="cmg-dco-template"><div style="display: flex; flex-direction: row; -webkit-box-sizing: border-box; width: 100%;; height: 54px; min-height: 54px; align-items: center"><div style="-webkit-line-clamp: 1; overflow: hidden; display: -webkit-box!important; -webkit-box-orient: vertical; min-width: fit-content; width: fit-content"><span style="font-size: 18px; font-weight: bold; color: rgba(211, 82, 0, 1); word-break: break-all; vertical-align: middle">4점 이상</span></div><div style="-webkit-line-clamp: 1; overflow: hidden; display: -webkit-box!important; -webkit-box-orient: vertical; width: 100%; flex-grow: 1; padding: 0px 0px 0px 6px"><span style="font-size: 18px; font-weight: bold; color: rgba(33, 43, 54, 1); word-break: break-all; vertical-align: middle">리뷰가 좋은 상품</span></div><div style="-webkit-line-clamp: 1; overflow: hidden; display: -webkit-box!important; -webkit-box-orient: vertical; min-width: fit-content; width: fit-content; margin: 0px 16px 0px 0px"><span style="font-size: 12px; font-weight: normal; color: rgba(17, 17, 17, 0.3); word-break: break-all; vertical-align: middle">AD</span></div></div><div class="cmg-dco-carousel" style="display: flex; flex-direction: row; box-sizing: border-box; width: 100%; min-width: 100%;"><div style="display: flex; flex-direction: row; -webkit-box-sizing: border-box; min-width: fit-content; width: fit-content; margin: 0px 12px 0px 0px"><div style="display: flex; flex-direction: column; width: 124px; min-width: 124px; margin: 0px 12px 16px 0px" class="cmg-dco-carousel-item cmg-dco-carousel-product hover-style-E" data-adsplatform="{&quot;viewImpression&quot;: &quot;https://mercury.coupang.com/e.gif?r=db4fab80-8e1e-11f0-b2ae-63919a266bc4%7E2&amp;templateId=5177&quot;}"><div style="width: 124px; min-width: 124px; height: 124px;min-height: 124px; margin: 0px 0px 8px 0px; overflow: hidden"><img src="https://thumbnail12.coupangcdn.com/thumbnails/remote/292x292q65ex/image/vendor_inventory/5cdf/b86728171e7c8c80e80159b64a7f0421e5409233e23bd8de6a5d550fa32b.jpg" style="vertical-align: top; height: 100%; object-fit: contain; border-radius: 0px 0px 0px 0px; " class="main-image"></div><div style="-webkit-line-clamp: 100; overflow: hidden; display: -webkit-box!important; -webkit-box-orient: vertical; min-width: fit-content; width: fit-content; padding: 0px 0px 6px 0px"><span style="font-size: 12px; font-weight: bold; color: rgba(99, 115, 129, 1); word-break: break-all; vertical-align: middle">무료배송</span></div><div style="-webkit-line-clamp: 2; overflow: hidden; display: -webkit-box!important; -webkit-box-orient: vertical; width: 100%;; margin: 0px 0px 4px 0px"><span style="font-size: 14px; font-weight: normal; color: rgba(33, 43, 54, 1); word-break: break-all; vertical-align: middle" class="product-title">서해안 당일조업 가을 생물꽃게 2kg 얼음포장, 1박스</span></div><div style="display: flex; flex-direction: row; -webkit-box-sizing: border-box; min-width: fit-content; width: fit-content; margin: 0px 0px 4px 0px; align-items: center"><div style="-webkit-line-clamp: 1; overflow: hidden; display: -webkit-box!important; -webkit-box-orient: vertical; min-width: fit-content; width: fit-content; margin: 0px 4px 0px 0px"><span style="font-size: 14px; font-weight: bold; color: rgba(203, 20, 0, 1); word-break: break-all; vertical-align: middle">24,900원</span></div></div><div style="display: flex; flex-direction: column; min-width: fit-content; width: fit-content; margin: 0px 0px 4px 0px"></div><div style="display: flex; flex-direction: row; -webkit-box-sizing: border-box; min-width: fit-content; width: fit-content"></div><div style="display: flex; flex-direction: row; -webkit-box-sizing: border-box; min-width: fit-content; width: fit-content; align-items: flex-end"><div style="display: flex; min-width: fit-content; width: fit-content; height: 13px; min-height: 13px; margin: 0px 2px 0px 0px"><span style="display: block; background-image: url(//static.coupangcdn.com/image/cmg/common/rating-star/RDS.png); background-repeat: no-repeat; width: 60px; height: 12px; background-size: 60px 24px; background-position: 0 -12px"><em style="display: block; background-image: url(//static.coupangcdn.com/image/cmg/common/rating-star/RDS.png); background-repeat: no-repeat; width: 80%; height: 12px; background-size: 60px 24px; background-position: 0 0"></em></span></div><div style="-webkit-line-clamp: 1; overflow: hidden; display: -webkit-box!important; -webkit-box-orient: vertical; min-width: fit-content; width: fit-content"><span style="font-size: 12px; font-weight: normal; color: rgba(118, 134, 149, 1); word-break: break-all; vertical-align: middle">(49)</span></div></div></div><div style="display: flex; flex-direction: column; width: 1px; min-width: 1px; align-self: stretch; margin: 0px 0px 16px 0px; background-color: rgba(238, 238, 238, 1)"></div></div><div style="display: flex; flex-direction: row; -webkit-box-sizing: border-box; min-width: fit-content; width: fit-content; margin: 0px 12px 0px 0px"><div style="display: flex; flex-direction: column; width: 124px; min-width: 124px; margin: 0px 12px 16px 0px" class="cmg-dco-carousel-item cmg-dco-carousel-product hover-style-E" data-adsplatform="{&quot;viewImpression&quot;: &quot;https://mercury.coupang.com/e.gif?r=db4fab80-8e1e-11f0-841e-6eaad91be723%7E2&amp;templateId=5177&quot;}"><div style="width: 124px; min-width: 124px; height: 124px;min-height: 124px; margin: 0px 0px 8px 0px; overflow: hidden"><img src="https://thumbnail2.coupangcdn.com/thumbnails/remote/292x292q65ex/image/vendor_inventory/4f96/ea7e82bf11b4d0c3f1eb7cf85a5ff591dde048fdd4984ee44c48c37f4df4.jpg" style="vertical-align: top; height: 100%; object-fit: contain; border-radius: 0px 0px 0px 0px; " class="main-image"></div><div style="-webkit-line-clamp: 100; overflow: hidden; display: -webkit-box!important; -webkit-box-orient: vertical; min-width: fit-content; width: fit-content; padding: 0px 0px 6px 0px"><span style="font-size: 12px; font-weight: bold; color: rgba(99, 115, 129, 1); word-break: break-all; vertical-align: middle">무료배송</span></div><div style="-webkit-line-clamp: 2; overflow: hidden; display: -webkit-box!important; -webkit-box-orient: vertical; width: 100%;; margin: 0px 0px 4px 0px"><span style="font-size: 14px; font-weight: normal; color: rgba(33, 43, 54, 1); word-break: break-all; vertical-align: middle" class="product-title">당일조업 서해안 활 꽃게 살꽉찬 태안 숯꽃게, 1개, 5kg (15~25미내외)</span></div><div style="display: flex; flex-direction: row; -webkit-box-sizing: border-box; min-width: fit-content; width: fit-content; margin: 0px 0px 4px 0px; align-items: center"><div style="-webkit-line-clamp: 1; overflow: hidden; display: -webkit-box!important; -webkit-box-orient: vertical; min-width: fit-content; width: fit-content; margin: 0px 4px 0px 0px"><span style="font-size: 14px; font-weight: bold; color: rgba(203, 20, 0, 1); word-break: break-all; vertical-align: middle">74,800원</span></div></div><div style="display: flex; flex-direction: column; min-width: fit-content; width: fit-content; margin: 0px 0px 4px 0px"></div><div style="display: flex; flex-direction: row; -webkit-box-sizing: border-box; min-width: fit-content; width: fit-content"><div style="display: flex; flex-direction: row; -webkit-box-sizing: border-box; min-width: fit-content; width: fit-content; height: 16px; min-height: 16px; padding: 0px 4px 1px 4px; margin: 0px 0px 6px 0px; background-color: rgba(225, 39, 5, 1); border-radius: 4px 4px 4px 4px; align-items: center"><div style="-webkit-line-clamp: 1; overflow: hidden; display: -webkit-box!important; -webkit-box-orient: vertical; min-width: fit-content; width: fit-content; margin: 0px 2px 0px 0px"><span style="font-size: 11px; font-weight: bold; color: rgba(255, 255, 255, 1); word-break: break-all; vertical-align: middle">50%</span></div><div style="-webkit-line-clamp: 1; overflow: hidden; display: -webkit-box!important; -webkit-box-orient: vertical; min-width: fit-content; width: fit-content"><span style="font-size: 11px; font-weight: bold; color: rgba(255, 255, 255, 1); word-break: break-all; vertical-align: middle">할인</span></div></div></div><div style="display: flex; flex-direction: row; -webkit-box-sizing: border-box; min-width: fit-content; width: fit-content; align-items: flex-end"><div style="display: flex; min-width: fit-content; width: fit-content; height: 13px; min-height: 13px; margin: 0px 2px 0px 0px"><span style="display: block; background-image: url(//static.coupangcdn.com/image/cmg/common/rating-star/RDS.png); background-repeat: no-repeat; width: 60px; height: 12px; background-size: 60px 24px; background-position: 0 -12px"><em style="display: block; background-image: url(//static.coupangcdn.com/image/cmg/common/rating-star/RDS.png); background-repeat: no-repeat; width: 90%; height: 12px; background-size: 60px 24px; background-position: 0 0"></em></span></div><div style="-webkit-line-clamp: 1; overflow: hidden; display: -webkit-box!important; -webkit-box-orient: vertical; min-width: fit-content; width: fit-content"><span style="font-size: 12px; font-weight: normal; color: rgba(118, 134, 149, 1); word-break: break-all; vertical-align: middle">(236)</span></div></div></div><div style="display: flex; flex-direction: column; width: 1px; min-width: 1px; align-self: stretch; margin: 0px 0px 16px 0px; background-color: rgba(238, 238, 238, 1)"></div></div><div style="display: flex; flex-direction: row; -webkit-box-sizing: border-box; min-width: fit-content; width: fit-content; margin: 0px 12px 0px 0px"><div style="display: flex; flex-direction: column; width: 124px; min-width: 124px; margin: 0px 12px 16px 0px" class="cmg-dco-carousel-item cmg-dco-carousel-product hover-style-E" data-adsplatform="{&quot;viewImpression&quot;: &quot;https://mercury.coupang.com/e.gif?r=db4fd290-8e1e-11f0-ab4b-7a8d61e9f581%7E2&amp;templateId=5177&quot;}"><div style="width: 124px; min-width: 124px; height: 124px;min-height: 124px; margin: 0px 0px 8px 0px; overflow: hidden"><img src="https://thumbnail12.coupangcdn.com/thumbnails/remote/292x292q65ex/image/vendor_inventory/cd8a/d955de7690d0d132c64aa0777e8e4d1f40c0b5db13fc45d8a1b8efe5b748.jpg" style="vertical-align: top; height: 100%; object-fit: contain; border-radius: 0px 0px 0px 0px; " class="main-image"></div><div style="-webkit-line-clamp: 100; overflow: hidden; display: -webkit-box!important; -webkit-box-orient: vertical; min-width: fit-content; width: fit-content; padding: 0px 0px 6px 0px"><span style="font-size: 12px; font-weight: bold; color: rgba(99, 115, 129, 1); word-break: break-all; vertical-align: middle">무료배송</span></div><div style="-webkit-line-clamp: 2; overflow: hidden; display: -webkit-box!important; -webkit-box-orient: vertical; width: 100%;; margin: 0px 0px 4px 0px"><span style="font-size: 14px; font-weight: normal; color: rgba(33, 43, 54, 1); word-break: break-all; vertical-align: middle" class="product-title">따봉프레시 당일조업 3차선별 황제 활꽃게 태안 신진도 빙장, 1개, 2kg</span></div><div style="display: flex; flex-direction: row; -webkit-box-sizing: border-box; min-width: fit-content; width: fit-content; margin: 0px 0px 4px 0px; align-items: center"><div style="-webkit-line-clamp: 1; overflow: hidden; display: -webkit-box!important; -webkit-box-orient: vertical; min-width: fit-content; width: fit-content; margin: 0px 4px 0px 0px"><span style="font-size: 14px; font-weight: bold; color: rgba(203, 20, 0, 1); word-break: break-all; vertical-align: middle">28,800원</span></div></div><div style="display: flex; flex-direction: column; min-width: fit-content; width: fit-content; margin: 0px 0px 4px 0px"></div><div style="display: flex; flex-direction: row; -webkit-box-sizing: border-box; min-width: fit-content; width: fit-content"><div style="display: flex; flex-direction: row; -webkit-box-sizing: border-box; min-width: fit-content; width: fit-content; height: 16px; min-height: 16px; padding: 0px 4px 1px 4px; margin: 0px 0px 6px 0px; background-color: rgba(225, 39, 5, 1); border-radius: 4px 4px 4px 4px; align-items: center"><div style="-webkit-line-clamp: 1; overflow: hidden; display: -webkit-box!important; -webkit-box-orient: vertical; min-width: fit-content; width: fit-content; margin: 0px 2px 0px 0px"><span style="font-size: 11px; font-weight: bold; color: rgba(255, 255, 255, 1); word-break: break-all; vertical-align: middle">35%</span></div><div style="-webkit-line-clamp: 1; overflow: hidden; display: -webkit-box!important; -webkit-box-orient: vertical; min-width: fit-content; width: fit-content"><span style="font-size: 11px; font-weight: bold; color: rgba(255, 255, 255, 1); word-break: break-all; vertical-align: middle">할인</span></div></div></div><div style="display: flex; flex-direction: row; -webkit-box-sizing: border-box; min-width: fit-content; width: fit-content; align-items: flex-end"><div style="display: flex; min-width: fit-content; width: fit-content; height: 13px; min-height: 13px; margin: 0px 2px 0px 0px"><span style="display: block; background-image: url(//static.coupangcdn.com/image/cmg/common/rating-star/RDS.png); background-repeat: no-repeat; width: 60px; height: 12px; background-size: 60px 24px; background-position: 0 -12px"><em style="display: block; background-image: url(//static.coupangcdn.com/image/cmg/common/rating-star/RDS.png); background-repeat: no-repeat; width: 80%; height: 12px; background-size: 60px 24px; background-position: 0 0"></em></span></div><div style="-webkit-line-clamp: 1; overflow: hidden; display: -webkit-box!important; -webkit-box-orient: vertical; min-width: fit-content; width: fit-content"><span style="font-size: 12px; font-weight: normal; color: rgba(118, 134, 149, 1); word-break: break-all; vertical-align: middle">(241)</span></div></div></div><div style="display: flex; flex-direction: column; width: 1px; min-width: 1px; align-self: stretch; margin: 0px 0px 16px 0px; background-color: rgba(238, 238, 238, 1)"></div></div><div style="display: flex; flex-direction: row; -webkit-box-sizing: border-box; min-width: fit-content; width: fit-content; margin: 0px 12px 0px 0px"><div style="display: flex; flex-direction: column; width: 124px; min-width: 124px; margin: 0px 12px 16px 0px" class="cmg-dco-carousel-item cmg-dco-carousel-product hover-style-E" data-adsplatform="{&quot;viewImpression&quot;: &quot;https://mercury.coupang.com/e.gif?r=db4fd290-8e1e-11f0-b3d2-68e37d3a7571%7E2&amp;templateId=5177&quot;}"><div style="width: 124px; min-width: 124px; height: 124px;min-height: 124px; margin: 0px 0px 8px 0px; overflow: hidden"><img src="https://thumbnail3.coupangcdn.com/thumbnails/remote/292x292q65ex/image/vendor_inventory/2278/02eb9699386ff6efba24b5f2d5bfc8eeef1f3172042b50559c03685b7d24.png" style="vertical-align: top; height: 100%; object-fit: contain; border-radius: 0px 0px 0px 0px; " class="main-image"></div><div style="-webkit-line-clamp: 100; overflow: hidden; display: -webkit-box!important; -webkit-box-orient: vertical; min-width: fit-content; width: fit-content; padding: 0px 0px 6px 0px"><span style="font-size: 12px; font-weight: bold; color: rgba(99, 115, 129, 1); word-break: break-all; vertical-align: middle">무료배송</span></div><div style="-webkit-line-clamp: 2; overflow: hidden; display: -webkit-box!important; -webkit-box-orient: vertical; width: 100%;; margin: 0px 0px 4px 0px"><span style="font-size: 14px; font-weight: normal; color: rgba(33, 43, 54, 1); word-break: break-all; vertical-align: middle" class="product-title">[ 지금부터 제철 ] 미식가 전용 살이 꽉찬 국내산 활꽃게 가을꽃게 서해안 생물꽃게, 1개, 가을꽃게 대 1kg ( 3미 )</span></div><div style="display: flex; flex-direction: row; -webkit-box-sizing: border-box; min-width: fit-content; width: fit-content; margin: 0px 0px 4px 0px; align-items: center"><div style="-webkit-line-clamp: 1; overflow: hidden; display: -webkit-box!important; -webkit-box-orient: vertical; min-width: fit-content; width: fit-content; margin: 0px 4px 0px 0px"><span style="font-size: 14px; font-weight: bold; color: rgba(203, 20, 0, 1); word-break: break-all; vertical-align: middle">26,500원</span></div></div><div style="display: flex; flex-direction: column; min-width: fit-content; width: fit-content; margin: 0px 0px 4px 0px"></div><div style="display: flex; flex-direction: row; -webkit-box-sizing: border-box; min-width: fit-content; width: fit-content"><div style="display: flex; flex-direction: row; -webkit-box-sizing: border-box; min-width: fit-content; width: fit-content; height: 16px; min-height: 16px; padding: 0px 4px 1px 4px; margin: 0px 0px 6px 0px; background-color: rgba(225, 39, 5, 1); border-radius: 4px 4px 4px 4px; align-items: center"><div style="-webkit-line-clamp: 1; overflow: hidden; display: -webkit-box!important; -webkit-box-orient: vertical; min-width: fit-content; width: fit-content; margin: 0px 2px 0px 0px"><span style="font-size: 11px; font-weight: bold; color: rgba(255, 255, 255, 1); word-break: break-all; vertical-align: middle">23%</span></div><div style="-webkit-line-clamp: 1; overflow: hidden; display: -webkit-box!important; -webkit-box-orient: vertical; min-width: fit-content; width: fit-content"><span style="font-size: 11px; font-weight: bold; color: rgba(255, 255, 255, 1); word-break: break-all; vertical-align: middle">할인</span></div></div></div><div style="display: flex; flex-direction: row; -webkit-box-sizing: border-box; min-width: fit-content; width: fit-content; align-items: flex-end"><div style="display: flex; min-width: fit-content; width: fit-content; height: 13px; min-height: 13px; margin: 0px 2px 0px 0px"><span style="display: block; background-image: url(//static.coupangcdn.com/image/cmg/common/rating-star/RDS.png); background-repeat: no-repeat; width: 60px; height: 12px; background-size: 60px 24px; background-position: 0 -12px"><em style="display: block; background-image: url(//static.coupangcdn.com/image/cmg/common/rating-star/RDS.png); background-repeat: no-repeat; width: 100%; height: 12px; background-size: 60px 24px; background-position: 0 0"></em></span></div><div style="-webkit-line-clamp: 1; overflow: hidden; display: -webkit-box!important; -webkit-box-orient: vertical; min-width: fit-content; width: fit-content"><span style="font-size: 12px; font-weight: normal; color: rgba(118, 134, 149, 1); word-break: break-all; vertical-align: middle">(10)</span></div></div></div><div style="display: flex; flex-direction: column; width: 1px; min-width: 1px; align-self: stretch; margin: 0px 0px 16px 0px; background-color: rgba(238, 238, 238, 1)"></div></div><div style="display: flex; flex-direction: row; -webkit-box-sizing: border-box; min-width: fit-content; width: fit-content; margin: 0px 12px 0px 0px"><div style="display: flex; flex-direction: column; width: 124px; min-width: 124px; margin: 0px 12px 16px 0px" class="cmg-dco-carousel-item cmg-dco-carousel-product hover-style-E" data-adsplatform="{&quot;viewImpression&quot;: &quot;https://mercury.coupang.com/e.gif?r=db4fd290-8e1e-11f0-9f0b-463eba463788%7E2&amp;templateId=5177&quot;}"><div style="width: 124px; min-width: 124px; height: 124px;min-height: 124px; margin: 0px 0px 8px 0px; overflow: hidden"><img src="https://thumbnail11.coupangcdn.com/thumbnails/remote/292x292q65ex/image/vendor_inventory/5bef/c39a32b8092eee8e92ac4261221e51268d8215aa3026fd9d34cac35466cf.jpg" style="vertical-align: top; height: 100%; object-fit: contain; border-radius: 0px 0px 0px 0px; " class="main-image"></div><div style="-webkit-line-clamp: 100; overflow: hidden; display: -webkit-box!important; -webkit-box-orient: vertical; min-width: fit-content; width: fit-content; padding: 0px 0px 6px 0px"><span style="font-size: 12px; font-weight: bold; color: rgba(99, 115, 129, 1); word-break: break-all; vertical-align: middle">무료배송</span></div><div style="-webkit-line-clamp: 2; overflow: hidden; display: -webkit-box!important; -webkit-box-orient: vertical; width: 100%;; margin: 0px 0px 4px 0px"><span style="font-size: 14px; font-weight: normal; color: rgba(33, 43, 54, 1); word-break: break-all; vertical-align: middle" class="product-title">[친정아빠] 국내산 활꽃게 숫꽃게1kg (3~5마리), 1개, 활 숫꽃게1kg(3~5마리)</span></div><div style="display: flex; flex-direction: row; -webkit-box-sizing: border-box; min-width: fit-content; width: fit-content; margin: 0px 0px 4px 0px; align-items: center"><div style="-webkit-line-clamp: 1; overflow: hidden; display: -webkit-box!important; -webkit-box-orient: vertical; min-width: fit-content; width: fit-content; margin: 0px 4px 0px 0px"><span style="font-size: 14px; font-weight: bold; color: rgba(203, 20, 0, 1); word-break: break-all; vertical-align: middle">18,900원</span></div></div><div style="display: flex; flex-direction: column; min-width: fit-content; width: fit-content; margin: 0px 0px 4px 0px"></div><div style="display: flex; flex-direction: row; -webkit-box-sizing: border-box; min-width: fit-content; width: fit-content"><div style="display: flex; flex-direction: row; -webkit-box-sizing: border-box; min-width: fit-content; width: fit-content; height: 16px; min-height: 16px; padding: 0px 4px 1px 4px; margin: 0px 0px 6px 0px; background-color: rgba(225, 39, 5, 1); border-radius: 4px 4px 4px 4px; align-items: center"><div style="-webkit-line-clamp: 1; overflow: hidden; display: -webkit-box!important; -webkit-box-orient: vertical; min-width: fit-content; width: fit-content; margin: 0px 2px 0px 0px"><span style="font-size: 11px; font-weight: bold; color: rgba(255, 255, 255, 1); word-break: break-all; vertical-align: middle">9%</span></div><div style="-webkit-line-clamp: 1; overflow: hidden; display: -webkit-box!important; -webkit-box-orient: vertical; min-width: fit-content; width: fit-content"><span style="font-size: 11px; font-weight: bold; color: rgba(255, 255, 255, 1); word-break: break-all; vertical-align: middle">할인</span></div></div></div><div style="display: flex; flex-direction: row; -webkit-box-sizing: border-box; min-width: fit-content; width: fit-content; align-items: flex-end"><div style="display: flex; min-width: fit-content; width: fit-content; height: 13px; min-height: 13px; margin: 0px 2px 0px 0px"><span style="display: block; background-image: url(//static.coupangcdn.com/image/cmg/common/rating-star/RDS.png); background-repeat: no-repeat; width: 60px; height: 12px; background-size: 60px 24px; background-position: 0 -12px"><em style="display: block; background-image: url(//static.coupangcdn.com/image/cmg/common/rating-star/RDS.png); background-repeat: no-repeat; width: 100%; height: 12px; background-size: 60px 24px; background-position: 0 0"></em></span></div><div style="-webkit-line-clamp: 1; overflow: hidden; display: -webkit-box!important; -webkit-box-orient: vertical; min-width: fit-content; width: fit-content"><span style="font-size: 12px; font-weight: normal; color: rgba(118, 134, 149, 1); word-break: break-all; vertical-align: middle">(11)</span></div></div></div><div style="display: flex; flex-direction: column; width: 1px; min-width: 1px; align-self: stretch; margin: 0px 0px 16px 0px; background-color: rgba(238, 238, 238, 1)"></div></div><div style="display: flex; flex-direction: row; -webkit-box-sizing: border-box; min-width: fit-content; width: fit-content; margin: 0px 12px 0px 0px"><div style="display: flex; flex-direction: column; width: 124px; min-width: 124px; margin: 0px 12px 16px 0px" class="cmg-dco-carousel-item cmg-dco-carousel-product hover-style-E" data-adsplatform="{&quot;viewImpression&quot;: &quot;https://mercury.coupang.com/e.gif?r=db4fd290-8e1e-11f0-afff-bb27833d24f8%7E2&amp;templateId=5177&quot;}"><div style="width: 124px; min-width: 124px; height: 124px;min-height: 124px; margin: 0px 0px 8px 0px; overflow: hidden"><img src="https://thumbnail10.coupangcdn.com/thumbnails/remote/292x292q65ex/image/vendor_inventory/8390/6442004c2ec623bd7fefc58311d7b507f750ff2c6aaa32844c11c32a6f8a.jpg" style="vertical-align: top; height: 100%; object-fit: contain; border-radius: 0px 0px 0px 0px; " class="main-image"></div><div style="-webkit-line-clamp: 2; overflow: hidden; display: -webkit-box!important; -webkit-box-orient: vertical; width: 100%;; margin: 0px 0px 4px 0px"><span style="font-size: 14px; font-weight: normal; color: rgba(33, 43, 54, 1); word-break: break-all; vertical-align: middle" class="product-title">[당일조업/산지직송] 서해 꽃게 안면도 제철 생물 활꽃게[ 특A급 ] 숫꽃게 가을꽃게 3kg, 1개, 숫 꽃게 3kg 특 (6~9미내외)</span></div><div style="display: flex; flex-direction: row; -webkit-box-sizing: border-box; min-width: fit-content; width: fit-content; margin: 0px 0px 4px 0px; align-items: center"><div style="-webkit-line-clamp: 1; overflow: hidden; display: -webkit-box!important; -webkit-box-orient: vertical; min-width: fit-content; width: fit-content; margin: 0px 4px 0px 0px"><span style="font-size: 14px; font-weight: bold; color: rgba(203, 20, 0, 1); word-break: break-all; vertical-align: middle">54,900원</span></div></div><div style="display: flex; flex-direction: column; min-width: fit-content; width: fit-content; margin: 0px 0px 4px 0px"></div><div style="display: flex; flex-direction: row; -webkit-box-sizing: border-box; min-width: fit-content; width: fit-content"></div><div style="display: flex; flex-direction: row; -webkit-box-sizing: border-box; min-width: fit-content; width: fit-content; align-items: flex-end"><div style="display: flex; min-width: fit-content; width: fit-content; height: 13px; min-height: 13px; margin: 0px 2px 0px 0px"><span style="display: block; background-image: url(//static.coupangcdn.com/image/cmg/common/rating-star/RDS.png); background-repeat: no-repeat; width: 60px; height: 12px; background-size: 60px 24px; background-position: 0 -12px"><em style="display: block; background-image: url(//static.coupangcdn.com/image/cmg/common/rating-star/RDS.png); background-repeat: no-repeat; width: 90%; height: 12px; background-size: 60px 24px; background-position: 0 0"></em></span></div><div style="-webkit-line-clamp: 1; overflow: hidden; display: -webkit-box!important; -webkit-box-orient: vertical; min-width: fit-content; width: fit-content"><span style="font-size: 12px; font-weight: normal; color: rgba(118, 134, 149, 1); word-break: break-all; vertical-align: middle">(9)</span></div></div></div><div style="display: flex; flex-direction: column; width: 1px; min-width: 1px; align-self: stretch; margin: 0px 0px 16px 0px; background-color: rgba(238, 238, 238, 1)"></div></div><div style="display: flex; flex-direction: row; -webkit-box-sizing: border-box; min-width: fit-content; width: fit-content; margin: 0px 12px 0px 0px"><div style="display: flex; flex-direction: column; width: 124px; min-width: 124px; margin: 0px 12px 16px 0px" class="cmg-dco-carousel-item cmg-dco-carousel-product hover-style-E" data-adsplatform="{&quot;viewImpression&quot;: &quot;https://mercury.coupang.com/e.gif?r=db4fd290-8e1e-11f0-b44f-54b10429eadc%7E2&amp;templateId=5177&quot;}"><div style="width: 124px; min-width: 124px; height: 124px;min-height: 124px; margin: 0px 0px 8px 0px; overflow: hidden"><img src="https://thumbnail10.coupangcdn.com/thumbnails/remote/292x292q65ex/image/vendor_inventory/032e/5de653c93a2fe413130b8703a7f1ceb3f3a5c70f12c29f725840d6efde37.jpg" style="vertical-align: top; height: 100%; object-fit: contain; border-radius: 0px 0px 0px 0px; " class="main-image"></div><div style="-webkit-line-clamp: 100; overflow: hidden; display: -webkit-box!important; -webkit-box-orient: vertical; min-width: fit-content; width: fit-content; padding: 0px 0px 6px 0px"><span style="font-size: 12px; font-weight: bold; color: rgba(99, 115, 129, 1); word-break: break-all; vertical-align: middle">무료배송</span></div><div style="-webkit-line-clamp: 2; overflow: hidden; display: -webkit-box!important; -webkit-box-orient: vertical; width: 100%;; margin: 0px 0px 4px 0px"><span style="font-size: 14px; font-weight: normal; color: rgba(33, 43, 54, 1); word-break: break-all; vertical-align: middle" class="product-title">[연평도 암꽃게] 간단한식사 추천 혼밥 간장게장, 1개, 750g</span></div><div style="display: flex; flex-direction: row; -webkit-box-sizing: border-box; min-width: fit-content; width: fit-content; margin: 0px 0px 4px 0px; align-items: center"><div style="-webkit-line-clamp: 1; overflow: hidden; display: -webkit-box!important; -webkit-box-orient: vertical; min-width: fit-content; width: fit-content; margin: 0px 4px 0px 0px"><span style="font-size: 14px; font-weight: bold; color: rgba(203, 20, 0, 1); word-break: break-all; vertical-align: middle">16,830원</span></div></div><div style="display: flex; flex-direction: column; min-width: fit-content; width: fit-content; margin: 0px 0px 4px 0px"></div><div style="display: flex; flex-direction: row; -webkit-box-sizing: border-box; min-width: fit-content; width: fit-content"><div style="display: flex; flex-direction: row; -webkit-box-sizing: border-box; min-width: fit-content; width: fit-content; height: 16px; min-height: 16px; padding: 0px 4px 1px 4px; margin: 0px 0px 6px 0px; background-color: rgba(225, 39, 5, 1); border-radius: 4px 4px 4px 4px; align-items: center"><div style="-webkit-line-clamp: 1; overflow: hidden; display: -webkit-box!important; -webkit-box-orient: vertical; min-width: fit-content; width: fit-content; margin: 0px 2px 0px 0px"><span style="font-size: 11px; font-weight: bold; color: rgba(255, 255, 255, 1); word-break: break-all; vertical-align: middle">51%</span></div><div style="-webkit-line-clamp: 1; overflow: hidden; display: -webkit-box!important; -webkit-box-orient: vertical; min-width: fit-content; width: fit-content"><span style="font-size: 11px; font-weight: bold; color: rgba(255, 255, 255, 1); word-break: break-all; vertical-align: middle">할인</span></div></div></div><div style="display: flex; flex-direction: row; -webkit-box-sizing: border-box; min-width: fit-content; width: fit-content; align-items: flex-end"><div style="display: flex; min-width: fit-content; width: fit-content; height: 13px; min-height: 13px; margin: 0px 2px 0px 0px"><span style="display: block; background-image: url(//static.coupangcdn.com/image/cmg/common/rating-star/RDS.png); background-repeat: no-repeat; width: 60px; height: 12px; background-size: 60px 24px; background-position: 0 -12px"><em style="display: block; background-image: url(//static.coupangcdn.com/image/cmg/common/rating-star/RDS.png); background-repeat: no-repeat; width: 100%; height: 12px; background-size: 60px 24px; background-position: 0 0"></em></span></div><div style="-webkit-line-clamp: 1; overflow: hidden; display: -webkit-box!important; -webkit-box-orient: vertical; min-width: fit-content; width: fit-content"><span style="font-size: 12px; font-weight: normal; color: rgba(118, 134, 149, 1); word-break: break-all; vertical-align: middle">(11)</span></div></div></div><div style="display: flex; flex-direction: column; width: 1px; min-width: 1px; align-self: stretch; margin: 0px 0px 16px 0px; background-color: rgba(238, 238, 238, 1)"></div></div><div style="display: flex; flex-direction: row; -webkit-box-sizing: border-box; min-width: fit-content; width: fit-content; margin: 0px 12px 0px 0px"><div style="display: flex; flex-direction: column; width: 124px; min-width: 124px; margin: 0px 12px 16px 0px" class="cmg-dco-carousel-item cmg-dco-carousel-product hover-style-E" data-adsplatform="{&quot;viewImpression&quot;: &quot;https://mercury.coupang.com/e.gif?r=db4fd290-8e1e-11f0-89f8-42e5f7f4acc8%7E2&amp;templateId=5177&quot;}"><div style="width: 124px; min-width: 124px; height: 124px;min-height: 124px; margin: 0px 0px 8px 0px; overflow: hidden"><img src="https://thumbnail14.coupangcdn.com/thumbnails/remote/292x292q65ex/image/vendor_inventory/f92c/611a9eb7e071889e5f632222e32318e6ff87eed312e9c8c2676192c0d63b.jpg" style="vertical-align: top; height: 100%; object-fit: contain; border-radius: 0px 0px 0px 0px; " class="main-image"></div><div style="-webkit-line-clamp: 100; overflow: hidden; display: -webkit-box!important; -webkit-box-orient: vertical; min-width: fit-content; width: fit-content; padding: 0px 0px 6px 0px"><span style="font-size: 12px; font-weight: bold; color: rgba(99, 115, 129, 1); word-break: break-all; vertical-align: middle">무료배송</span></div><div style="-webkit-line-clamp: 2; overflow: hidden; display: -webkit-box!important; -webkit-box-orient: vertical; width: 100%;; margin: 0px 0px 4px 0px"><span style="font-size: 14px; font-weight: normal; color: rgba(33, 43, 54, 1); word-break: break-all; vertical-align: middle" class="product-title">국내산 연평도 알배기 암꽃게 간장게장 5kg (2.5kg+2.5kg)/ 씨푸드코리아, 2.5kg, 2개</span></div><div style="display: flex; flex-direction: row; -webkit-box-sizing: border-box; min-width: fit-content; width: fit-content; margin: 0px 0px 4px 0px; align-items: center"><div style="-webkit-line-clamp: 1; overflow: hidden; display: -webkit-box!important; -webkit-box-orient: vertical; min-width: fit-content; width: fit-content; margin: 0px 4px 0px 0px"><span style="font-size: 14px; font-weight: bold; color: rgba(203, 20, 0, 1); word-break: break-all; vertical-align: middle">52,120원</span></div></div><div style="display: flex; flex-direction: column; min-width: fit-content; width: fit-content; margin: 0px 0px 4px 0px"></div><div style="display: flex; flex-direction: row; -webkit-box-sizing: border-box; min-width: fit-content; width: fit-content"></div><div style="display: flex; flex-direction: row; -webkit-box-sizing: border-box; min-width: fit-content; width: fit-content; align-items: flex-end"><div style="display: flex; min-width: fit-content; width: fit-content; height: 13px; min-height: 13px; margin: 0px 2px 0px 0px"><span style="display: block; background-image: url(//static.coupangcdn.com/image/cmg/common/rating-star/RDS.png); background-repeat: no-repeat; width: 60px; height: 12px; background-size: 60px 24px; background-position: 0 -12px"><em style="display: block; background-image: url(//static.coupangcdn.com/image/cmg/common/rating-star/RDS.png); background-repeat: no-repeat; width: 90%; height: 12px; background-size: 60px 24px; background-position: 0 0"></em></span></div><div style="-webkit-line-clamp: 1; overflow: hidden; display: -webkit-box!important; -webkit-box-orient: vertical; min-width: fit-content; width: fit-content"><span style="font-size: 12px; font-weight: normal; color: rgba(118, 134, 149, 1); word-break: break-all; vertical-align: middle">(5,381)</span></div></div></div><div style="display: flex; flex-direction: column; width: 1px; min-width: 1px; align-self: stretch; margin: 0px 0px 16px 0px; background-color: rgba(238, 238, 238, 1)"></div></div><div style="display: flex; flex-direction: row; -webkit-box-sizing: border-box; min-width: fit-content; width: fit-content; margin: 0px 12px 0px 0px"><div style="display: flex; flex-direction: column; width: 124px; min-width: 124px; margin: 0px 12px 16px 0px" class="cmg-dco-carousel-item cmg-dco-carousel-product hover-style-E" data-adsplatform="{&quot;viewImpression&quot;: &quot;https://mercury.coupang.com/e.gif?r=db4fd290-8e1e-11f0-b5fc-c79ea07a79a7%7E2&amp;templateId=5177&quot;}"><div style="width: 124px; min-width: 124px; height: 124px;min-height: 124px; margin: 0px 0px 8px 0px; overflow: hidden"><img src="https://thumbnail3.coupangcdn.com/thumbnails/remote/292x292q65ex/image/vendor_inventory/bf0d/077313a5c0bc6e0d0dc82991a767624bd02e85f070f097040f63c0d4a135.jpg" style="vertical-align: top; height: 100%; object-fit: contain; border-radius: 0px 0px 0px 0px; " class="main-image"></div><div style="-webkit-line-clamp: 100; overflow: hidden; display: -webkit-box!important; -webkit-box-orient: vertical; min-width: fit-content; width: fit-content; padding: 0px 0px 6px 0px"><span style="font-size: 12px; font-weight: bold; color: rgba(99, 115, 129, 1); word-break: break-all; vertical-align: middle">무료배송</span></div><div style="-webkit-line-clamp: 2; overflow: hidden; display: -webkit-box!important; -webkit-box-orient: vertical; width: 100%;; margin: 0px 0px 4px 0px"><span style="font-size: 14px; font-weight: normal; color: rgba(33, 43, 54, 1); word-break: break-all; vertical-align: middle" class="product-title">영롱한수산 산지직송 국내산 살아있는 활 꽃게1kg (3-4미) 1박스, 1개, 1kg</span></div><div style="display: flex; flex-direction: row; -webkit-box-sizing: border-box; min-width: fit-content; width: fit-content; margin: 0px 0px 4px 0px; align-items: center"><div style="-webkit-line-clamp: 1; overflow: hidden; display: -webkit-box!important; -webkit-box-orient: vertical; min-width: fit-content; width: fit-content; margin: 0px 4px 0px 0px"><span style="font-size: 14px; font-weight: bold; color: rgba(203, 20, 0, 1); word-break: break-all; vertical-align: middle">19,900원</span></div></div><div style="display: flex; flex-direction: column; min-width: fit-content; width: fit-content; margin: 0px 0px 4px 0px"></div><div style="display: flex; flex-direction: row; -webkit-box-sizing: border-box; min-width: fit-content; width: fit-content"></div><div style="display: flex; flex-direction: row; -webkit-box-sizing: border-box; min-width: fit-content; width: fit-content; align-items: flex-end"><div style="display: flex; min-width: fit-content; width: fit-content; height: 13px; min-height: 13px; margin: 0px 2px 0px 0px"><span style="display: block; background-image: url(//static.coupangcdn.com/image/cmg/common/rating-star/RDS.png); background-repeat: no-repeat; width: 60px; height: 12px; background-size: 60px 24px; background-position: 0 -12px"><em style="display: block; background-image: url(//static.coupangcdn.com/image/cmg/common/rating-star/RDS.png); background-repeat: no-repeat; width: 100%; height: 12px; background-size: 60px 24px; background-position: 0 0"></em></span></div><div style="-webkit-line-clamp: 1; overflow: hidden; display: -webkit-box!important; -webkit-box-orient: vertical; min-width: fit-content; width: fit-content"><span style="font-size: 12px; font-weight: normal; color: rgba(118, 134, 149, 1); word-break: break-all; vertical-align: middle">(10)</span></div></div></div><div style="display: flex; flex-direction: column; width: 1px; min-width: 1px; align-self: stretch; margin: 0px 0px 16px 0px; background-color: rgba(238, 238, 238, 1)"></div></div><div style="display: flex; flex-direction: row; -webkit-box-sizing: border-box; min-width: fit-content; width: fit-content; margin: 0px 12px 0px 0px"><div style="display: flex; flex-direction: column; width: 124px; min-width: 124px; margin: 0px 12px 16px 0px" class="cmg-dco-carousel-item cmg-dco-carousel-product hover-style-E" data-adsplatform="{&quot;viewImpression&quot;: &quot;https://mercury.coupang.com/e.gif?r=db4fd290-8e1e-11f0-b28e-791e274ba6ef%7E2&amp;templateId=5177&quot;}"><div style="width: 124px; min-width: 124px; height: 124px;min-height: 124px; margin: 0px 0px 8px 0px; overflow: hidden"><img src="https://thumbnail8.coupangcdn.com/thumbnails/remote/292x292q65ex/image/vendor_inventory/e091/0c4e1bab67d73789a060ef24b03c14d1951ac728400191ba55e1ba2b4e40.jpg" style="vertical-align: top; height: 100%; object-fit: contain; border-radius: 0px 0px 0px 0px; " class="main-image"></div><div style="-webkit-line-clamp: 100; overflow: hidden; display: -webkit-box!important; -webkit-box-orient: vertical; min-width: fit-content; width: fit-content; padding: 0px 0px 6px 0px"><span style="font-size: 12px; font-weight: bold; color: rgba(99, 115, 129, 1); word-break: break-all; vertical-align: middle">무료배송</span></div><div style="-webkit-line-clamp: 2; overflow: hidden; display: -webkit-box!important; -webkit-box-orient: vertical; width: 100%;; margin: 0px 0px 4px 0px"><span style="font-size: 14px; font-weight: normal; color: rgba(33, 43, 54, 1); word-break: break-all; vertical-align: middle" class="product-title">푸드지 알배기 몸통만 간장게장, 1개, 3kg</span></div><div style="display: flex; flex-direction: row; -webkit-box-sizing: border-box; min-width: fit-content; width: fit-content; margin: 0px 0px 4px 0px; align-items: center"><div style="-webkit-line-clamp: 1; overflow: hidden; display: -webkit-box!important; -webkit-box-orient: vertical; min-width: fit-content; width: fit-content; margin: 0px 4px 0px 0px"><span style="font-size: 14px; font-weight: bold; color: rgba(203, 20, 0, 1); word-break: break-all; vertical-align: middle">35,300원</span></div></div><div style="display: flex; flex-direction: column; min-width: fit-content; width: fit-content; margin: 0px 0px 4px 0px"></div><div style="display: flex; flex-direction: row; -webkit-box-sizing: border-box; min-width: fit-content; width: fit-content"></div><div style="display: flex; flex-direction: row; -webkit-box-sizing: border-box; min-width: fit-content; width: fit-content; align-items: flex-end"><div style="display: flex; min-width: fit-content; width: fit-content; height: 13px; min-height: 13px; margin: 0px 2px 0px 0px"><span style="display: block; background-image: url(//static.coupangcdn.com/image/cmg/common/rating-star/RDS.png); background-repeat: no-repeat; width: 60px; height: 12px; background-size: 60px 24px; background-position: 0 -12px"><em style="display: block; background-image: url(//static.coupangcdn.com/image/cmg/common/rating-star/RDS.png); background-repeat: no-repeat; width: 90%; height: 12px; background-size: 60px 24px; background-position: 0 0"></em></span></div><div style="-webkit-line-clamp: 1; overflow: hidden; display: -webkit-box!important; -webkit-box-orient: vertical; min-width: fit-content; width: fit-content"><span style="font-size: 12px; font-weight: normal; color: rgba(118, 134, 149, 1); word-break: break-all; vertical-align: middle">(764)</span></div></div></div><div style="display: flex; flex-direction: column; width: 1px; min-width: 1px; align-self: stretch; margin: 0px 0px 16px 0px; background-color: rgba(238, 238, 238, 1)"></div></div><div style="display: flex; flex-direction: row; -webkit-box-sizing: border-box; min-width: fit-content; width: fit-content; margin: 0px 12px 0px 0px"><div style="display: flex; flex-direction: column; width: 124px; min-width: 124px; margin: 0px 12px 16px 0px" class="cmg-dco-carousel-item cmg-dco-carousel-product hover-style-E" data-adsplatform="{&quot;viewImpression&quot;: &quot;https://mercury.coupang.com/e.gif?r=db4ff9a0-8e1e-11f0-931a-fac4821c1506%7E2&amp;templateId=5177&quot;}"><div style="width: 124px; min-width: 124px; height: 124px;min-height: 124px; margin: 0px 0px 8px 0px; overflow: hidden"><img src="https://thumbnail5.coupangcdn.com/thumbnails/remote/292x292q65ex/image/vendor_inventory/0e4c/df245a2bcc453c035baf30653ef1eb6e51f89a82f2dc13b856365ab6494d.jpg" style="vertical-align: top; height: 100%; object-fit: contain; border-radius: 0px 0px 0px 0px; " class="main-image"></div><div style="-webkit-line-clamp: 100; overflow: hidden; display: -webkit-box!important; -webkit-box-orient: vertical; min-width: fit-content; width: fit-content; padding: 0px 0px 6px 0px"><span style="font-size: 12px; font-weight: bold; color: rgba(99, 115, 129, 1); word-break: break-all; vertical-align: middle">무료배송</span></div><div style="-webkit-line-clamp: 2; overflow: hidden; display: -webkit-box!important; -webkit-box-orient: vertical; width: 100%;; margin: 0px 0px 4px 0px"><span style="font-size: 14px; font-weight: normal; color: rgba(33, 43, 54, 1); word-break: break-all; vertical-align: middle" class="product-title">[바다사람들] 국내산 연평도 게장용 무침용 업소용 급냉 세척 손질 꽃게 5kg 사이즈(소), 1개</span></div><div style="display: flex; flex-direction: row; -webkit-box-sizing: border-box; min-width: fit-content; width: fit-content; margin: 0px 0px 4px 0px; align-items: center"><div style="-webkit-line-clamp: 1; overflow: hidden; display: -webkit-box!important; -webkit-box-orient: vertical; min-width: fit-content; width: fit-content; margin: 0px 4px 0px 0px"><span style="font-size: 14px; font-weight: bold; color: rgba(203, 20, 0, 1); word-break: break-all; vertical-align: middle">68,300원</span></div></div><div style="display: flex; flex-direction: column; min-width: fit-content; width: fit-content; margin: 0px 0px 4px 0px"></div><div style="display: flex; flex-direction: row; -webkit-box-sizing: border-box; min-width: fit-content; width: fit-content"><div style="display: flex; flex-direction: row; -webkit-box-sizing: border-box; min-width: fit-content; width: fit-content; height: 16px; min-height: 16px; padding: 0px 4px 1px 4px; margin: 0px 0px 6px 0px; background-color: rgba(225, 39, 5, 1); border-radius: 4px 4px 4px 4px; align-items: center"><div style="-webkit-line-clamp: 1; overflow: hidden; display: -webkit-box!important; -webkit-box-orient: vertical; min-width: fit-content; width: fit-content; margin: 0px 2px 0px 0px"><span style="font-size: 11px; font-weight: bold; color: rgba(255, 255, 255, 1); word-break: break-all; vertical-align: middle">47%</span></div><div style="-webkit-line-clamp: 1; overflow: hidden; display: -webkit-box!important; -webkit-box-orient: vertical; min-width: fit-content; width: fit-content"><span style="font-size: 11px; font-weight: bold; color: rgba(255, 255, 255, 1); word-break: break-all; vertical-align: middle">할인</span></div></div></div><div style="display: flex; flex-direction: row; -webkit-box-sizing: border-box; min-width: fit-content; width: fit-content; align-items: flex-end"><div style="display: flex; min-width: fit-content; width: fit-content; height: 13px; min-height: 13px; margin: 0px 2px 0px 0px"><span style="display: block; background-image: url(//static.coupangcdn.com/image/cmg/common/rating-star/RDS.png); background-repeat: no-repeat; width: 60px; height: 12px; background-size: 60px 24px; background-position: 0 -12px"><em style="display: block; background-image: url(//static.coupangcdn.com/image/cmg/common/rating-star/RDS.png); background-repeat: no-repeat; width: 90%; height: 12px; background-size: 60px 24px; background-position: 0 0"></em></span></div><div style="-webkit-line-clamp: 1; overflow: hidden; display: -webkit-box!important; -webkit-box-orient: vertical; min-width: fit-content; width: fit-content"><span style="font-size: 12px; font-weight: normal; color: rgba(118, 134, 149, 1); word-break: break-all; vertical-align: middle">(186)</span></div></div></div><div style="display: flex; flex-direction: column; width: 1px; min-width: 1px; align-self: stretch; margin: 0px 0px 16px 0px; background-color: rgba(238, 238, 238, 1)"></div></div><div style="display: flex; flex-direction: row; -webkit-box-sizing: border-box; min-width: fit-content; width: fit-content; margin: 0px 12px 0px 0px"><div style="display: flex; flex-direction: column; width: 124px; min-width: 124px; margin: 0px 12px 16px 0px" class="cmg-dco-carousel-item cmg-dco-carousel-product hover-style-E" data-adsplatform="{&quot;viewImpression&quot;: &quot;https://mercury.coupang.com/e.gif?r=db4ff9a0-8e1e-11f0-9931-1ae1dced2e01%7E2&amp;templateId=5177&quot;}"><div style="width: 124px; min-width: 124px; height: 124px;min-height: 124px; margin: 0px 0px 8px 0px; overflow: hidden"><img src="https://thumbnail15.coupangcdn.com/thumbnails/remote/292x292q65ex/image/vendor_inventory/75b4/b8ca43938d5925a0e6722d5aeabd61ad0129c4cb8aa673162adab03672ef.jpg" style="vertical-align: top; height: 100%; object-fit: contain; border-radius: 0px 0px 0px 0px; " class="main-image"></div><div style="-webkit-line-clamp: 100; overflow: hidden; display: -webkit-box!important; -webkit-box-orient: vertical; min-width: fit-content; width: fit-content; padding: 0px 0px 6px 0px"><span style="font-size: 12px; font-weight: bold; color: rgba(99, 115, 129, 1); word-break: break-all; vertical-align: middle">무료배송</span></div><div style="-webkit-line-clamp: 2; overflow: hidden; display: -webkit-box!important; -webkit-box-orient: vertical; width: 100%;; margin: 0px 0px 4px 0px"><span style="font-size: 14px; font-weight: normal; color: rgba(33, 43, 54, 1); word-break: break-all; vertical-align: middle" class="product-title">[미식탁] 특A급 라이브 활 박달대게 생물 자숙 수율보장 마가단 프리모리, (활)특A급 박달대게 4kg, 1박스, A급 러시아 박달대게 5kg</span></div><div style="display: flex; flex-direction: row; -webkit-box-sizing: border-box; min-width: fit-content; width: fit-content; margin: 0px 0px 4px 0px; align-items: center"><div style="-webkit-line-clamp: 1; overflow: hidden; display: -webkit-box!important; -webkit-box-orient: vertical; min-width: fit-content; width: fit-content; margin: 0px 4px 0px 0px"><span style="font-size: 14px; font-weight: bold; color: rgba(203, 20, 0, 1); word-break: break-all; vertical-align: middle">225,900원</span></div></div><div style="display: flex; flex-direction: column; min-width: fit-content; width: fit-content; margin: 0px 0px 4px 0px"></div><div style="display: flex; flex-direction: row; -webkit-box-sizing: border-box; min-width: fit-content; width: fit-content"></div><div style="display: flex; flex-direction: row; -webkit-box-sizing: border-box; min-width: fit-content; width: fit-content; align-items: flex-end"><div style="display: flex; min-width: fit-content; width: fit-content; height: 13px; min-height: 13px; margin: 0px 2px 0px 0px"><span style="display: block; background-image: url(//static.coupangcdn.com/image/cmg/common/rating-star/RDS.png); background-repeat: no-repeat; width: 60px; height: 12px; background-size: 60px 24px; background-position: 0 -12px"><em style="display: block; background-image: url(//static.coupangcdn.com/image/cmg/common/rating-star/RDS.png); background-repeat: no-repeat; width: 100%; height: 12px; background-size: 60px 24px; background-position: 0 0"></em></span></div><div style="-webkit-line-clamp: 1; overflow: hidden; display: -webkit-box!important; -webkit-box-orient: vertical; min-width: fit-content; width: fit-content"><span style="font-size: 12px; font-weight: normal; color: rgba(118, 134, 149, 1); word-break: break-all; vertical-align: middle">(2)</span></div></div></div><div style="display: flex; flex-direction: column; width: 1px; min-width: 1px; align-self: stretch; margin: 0px 0px 16px 0px; background-color: rgba(238, 238, 238, 1)"></div></div><div style="display: flex; flex-direction: row; -webkit-box-sizing: border-box; min-width: fit-content; width: fit-content; margin: 0px 12px 0px 0px"><div style="display: flex; flex-direction: column; width: 124px; min-width: 124px; margin: 0px 12px 16px 0px" class="cmg-dco-carousel-item cmg-dco-carousel-product hover-style-E" data-adsplatform="{&quot;viewImpression&quot;: &quot;https://mercury.coupang.com/e.gif?r=db4ff9a0-8e1e-11f0-addd-4a5682a041c0%7E2&amp;templateId=5177&quot;}"><div style="width: 124px; min-width: 124px; height: 124px;min-height: 124px; margin: 0px 0px 8px 0px; overflow: hidden"><img src="https://thumbnail11.coupangcdn.com/thumbnails/remote/292x292q65ex/image/vendor_inventory/d396/4f517f88a027f2f3d99e0012ee4d90fd5a28c251950e8f04a88b386e7608.jpg" style="vertical-align: top; height: 100%; object-fit: contain; border-radius: 0px 0px 0px 0px; " class="main-image"></div><div style="-webkit-line-clamp: 100; overflow: hidden; display: -webkit-box!important; -webkit-box-orient: vertical; min-width: fit-content; width: fit-content; padding: 0px 0px 6px 0px"><span style="font-size: 12px; font-weight: bold; color: rgba(99, 115, 129, 1); word-break: break-all; vertical-align: middle">무료배송</span></div><div style="-webkit-line-clamp: 2; overflow: hidden; display: -webkit-box!important; -webkit-box-orient: vertical; width: 100%;; margin: 0px 0px 4px 0px"><span style="font-size: 14px; font-weight: normal; color: rgba(33, 43, 54, 1); word-break: break-all; vertical-align: middle" class="product-title">[바다사람들] 국내산 연평도 무침용 게장용 급냉 세척 손질꽃게 2kg, 1개</span></div><div style="display: flex; flex-direction: row; -webkit-box-sizing: border-box; min-width: fit-content; width: fit-content; margin: 0px 0px 4px 0px; align-items: center"><div style="-webkit-line-clamp: 1; overflow: hidden; display: -webkit-box!important; -webkit-box-orient: vertical; min-width: fit-content; width: fit-content; margin: 0px 4px 0px 0px"><span style="font-size: 14px; font-weight: bold; color: rgba(203, 20, 0, 1); word-break: break-all; vertical-align: middle">34,800원</span></div></div><div style="display: flex; flex-direction: column; min-width: fit-content; width: fit-content; margin: 0px 0px 4px 0px"></div><div style="display: flex; flex-direction: row; -webkit-box-sizing: border-box; min-width: fit-content; width: fit-content"><div style="display: flex; flex-direction: row; -webkit-box-sizing: border-box; min-width: fit-content; width: fit-content; height: 16px; min-height: 16px; padding: 0px 4px 1px 4px; margin: 0px 0px 6px 0px; background-color: rgba(225, 39, 5, 1); border-radius: 4px 4px 4px 4px; align-items: center"><div style="-webkit-line-clamp: 1; overflow: hidden; display: -webkit-box!important; -webkit-box-orient: vertical; min-width: fit-content; width: fit-content; margin: 0px 2px 0px 0px"><span style="font-size: 11px; font-weight: bold; color: rgba(255, 255, 255, 1); word-break: break-all; vertical-align: middle">68%</span></div><div style="-webkit-line-clamp: 1; overflow: hidden; display: -webkit-box!important; -webkit-box-orient: vertical; min-width: fit-content; width: fit-content"><span style="font-size: 11px; font-weight: bold; color: rgba(255, 255, 255, 1); word-break: break-all; vertical-align: middle">할인</span></div></div></div><div style="display: flex; flex-direction: row; -webkit-box-sizing: border-box; min-width: fit-content; width: fit-content; align-items: flex-end"><div style="display: flex; min-width: fit-content; width: fit-content; height: 13px; min-height: 13px; margin: 0px 2px 0px 0px"><span style="display: block; background-image: url(//static.coupangcdn.com/image/cmg/common/rating-star/RDS.png); background-repeat: no-repeat; width: 60px; height: 12px; background-size: 60px 24px; background-position: 0 -12px"><em style="display: block; background-image: url(//static.coupangcdn.com/image/cmg/common/rating-star/RDS.png); background-repeat: no-repeat; width: 90%; height: 12px; background-size: 60px 24px; background-position: 0 0"></em></span></div><div style="-webkit-line-clamp: 1; overflow: hidden; display: -webkit-box!important; -webkit-box-orient: vertical; min-width: fit-content; width: fit-content"><span style="font-size: 12px; font-weight: normal; color: rgba(118, 134, 149, 1); word-break: break-all; vertical-align: middle">(407)</span></div></div></div><div style="display: flex; flex-direction: column; width: 1px; min-width: 1px; align-self: stretch; margin: 0px 0px 16px 0px; background-color: rgba(238, 238, 238, 1)"></div></div><div style="display: flex; flex-direction: row; -webkit-box-sizing: border-box; min-width: fit-content; width: fit-content; margin: 0px 12px 0px 0px"><div style="display: flex; flex-direction: column; width: 124px; min-width: 124px; margin: 0px 12px 16px 0px" class="cmg-dco-carousel-item cmg-dco-carousel-product hover-style-E" data-adsplatform="{&quot;viewImpression&quot;: &quot;https://mercury.coupang.com/e.gif?r=db4ff9a0-8e1e-11f0-9c56-c4bcdd7e0ca5%7E2&amp;templateId=5177&quot;}"><div style="width: 124px; min-width: 124px; height: 124px;min-height: 124px; margin: 0px 0px 8px 0px; overflow: hidden"><img src="https://thumbnail1.coupangcdn.com/thumbnails/remote/292x292q65ex/image/vendor_inventory/1873/6547a6e0b9314b0e55dc9177e722e7e60fd6e445ea69a8c45af7689ce9b3.jpg" style="vertical-align: top; height: 100%; object-fit: contain; border-radius: 0px 0px 0px 0px; " class="main-image"></div><div style="-webkit-line-clamp: 100; overflow: hidden; display: -webkit-box!important; -webkit-box-orient: vertical; min-width: fit-content; width: fit-content; padding: 0px 0px 6px 0px"><span style="font-size: 12px; font-weight: bold; color: rgba(99, 115, 129, 1); word-break: break-all; vertical-align: middle">무료배송</span></div><div style="-webkit-line-clamp: 2; overflow: hidden; display: -webkit-box!important; -webkit-box-orient: vertical; width: 100%;; margin: 0px 0px 4px 0px"><span style="font-size: 14px; font-weight: normal; color: rgba(33, 43, 54, 1); word-break: break-all; vertical-align: middle" class="product-title">[고향농수산] 수율90%내외 특A급 선주직송 산지직송 박달홍게, 1개, 3kg (박달홍게 특 수율90%이내 9-12미)</span></div><div style="display: flex; flex-direction: row; -webkit-box-sizing: border-box; min-width: fit-content; width: fit-content; margin: 0px 0px 4px 0px; align-items: center"><div style="-webkit-line-clamp: 1; overflow: hidden; display: -webkit-box!important; -webkit-box-orient: vertical; min-width: fit-content; width: fit-content; margin: 0px 4px 0px 0px"><span style="font-size: 14px; font-weight: bold; color: rgba(203, 20, 0, 1); word-break: break-all; vertical-align: middle">39,900원</span></div></div><div style="display: flex; flex-direction: column; min-width: fit-content; width: fit-content; margin: 0px 0px 4px 0px"></div><div style="display: flex; flex-direction: row; -webkit-box-sizing: border-box; min-width: fit-content; width: fit-content"></div><div style="display: flex; flex-direction: row; -webkit-box-sizing: border-box; min-width: fit-content; width: fit-content; align-items: flex-end"><div style="display: flex; min-width: fit-content; width: fit-content; height: 13px; min-height: 13px; margin: 0px 2px 0px 0px"><span style="display: block; background-image: url(//static.coupangcdn.com/image/cmg/common/rating-star/RDS.png); background-repeat: no-repeat; width: 60px; height: 12px; background-size: 60px 24px; background-position: 0 -12px"><em style="display: block; background-image: url(//static.coupangcdn.com/image/cmg/common/rating-star/RDS.png); background-repeat: no-repeat; width: 100%; height: 12px; background-size: 60px 24px; background-position: 0 0"></em></span></div><div style="-webkit-line-clamp: 1; overflow: hidden; display: -webkit-box!important; -webkit-box-orient: vertical; min-width: fit-content; width: fit-content"><span style="font-size: 12px; font-weight: normal; color: rgba(118, 134, 149, 1); word-break: break-all; vertical-align: middle">(117)</span></div></div></div><div style="display: flex; flex-direction: column; width: 1px; min-width: 1px; align-self: stretch; margin: 0px 0px 16px 0px; background-color: rgba(238, 238, 238, 1)"></div></div><div style="display: flex; flex-direction: row; -webkit-box-sizing: border-box; min-width: fit-content; width: fit-content; margin: 0px 12px 0px 0px"><div style="display: flex; flex-direction: column; width: 124px; min-width: 124px; margin: 0px 12px 16px 0px" class="cmg-dco-carousel-item cmg-dco-carousel-product hover-style-E" data-adsplatform="{&quot;viewImpression&quot;: &quot;https://mercury.coupang.com/e.gif?r=db4ff9a0-8e1e-11f0-9190-8c8b7ffd82e7%7E2&amp;templateId=5177&quot;}"><div style="width: 124px; min-width: 124px; height: 124px;min-height: 124px; margin: 0px 0px 8px 0px; overflow: hidden"><img src="https://thumbnail5.coupangcdn.com/thumbnails/remote/292x292q65ex/image/vendor_inventory/cbb3/749ad8c7d6e381a0e7b6b99cb7aec947d0a49645c2a48be5dd7df3a0037b.jpg" style="vertical-align: top; height: 100%; object-fit: contain; border-radius: 0px 0px 0px 0px; " class="main-image"></div><div style="-webkit-line-clamp: 100; overflow: hidden; display: -webkit-box!important; -webkit-box-orient: vertical; min-width: fit-content; width: fit-content; padding: 0px 0px 6px 0px"><span style="font-size: 12px; font-weight: bold; color: rgba(99, 115, 129, 1); word-break: break-all; vertical-align: middle">무료배송</span></div><div style="-webkit-line-clamp: 2; overflow: hidden; display: -webkit-box!important; -webkit-box-orient: vertical; width: 100%;; margin: 0px 0px 4px 0px"><span style="font-size: 14px; font-weight: normal; color: rgba(33, 43, 54, 1); word-break: break-all; vertical-align: middle" class="product-title">[미식탁] 해녀채취 국내산 제철 보라성게 자연산 성게알 우니 100g, 거제 보라성게알 100g(생물), 1개</span></div><div style="display: flex; flex-direction: row; -webkit-box-sizing: border-box; min-width: fit-content; width: fit-content; margin: 0px 0px 4px 0px; align-items: center"><div style="-webkit-line-clamp: 1; overflow: hidden; display: -webkit-box!important; -webkit-box-orient: vertical; min-width: fit-content; width: fit-content; margin: 0px 4px 0px 0px"><span style="font-size: 14px; font-weight: bold; color: rgba(203, 20, 0, 1); word-break: break-all; vertical-align: middle">25,900원</span></div></div><div style="display: flex; flex-direction: column; min-width: fit-content; width: fit-content; margin: 0px 0px 4px 0px"></div><div style="display: flex; flex-direction: row; -webkit-box-sizing: border-box; min-width: fit-content; width: fit-content"></div><div style="display: flex; flex-direction: row; -webkit-box-sizing: border-box; min-width: fit-content; width: fit-content; align-items: flex-end"><div style="display: flex; min-width: fit-content; width: fit-content; height: 13px; min-height: 13px; margin: 0px 2px 0px 0px"><span style="display: block; background-image: url(//static.coupangcdn.com/image/cmg/common/rating-star/RDS.png); background-repeat: no-repeat; width: 60px; height: 12px; background-size: 60px 24px; background-position: 0 -12px"><em style="display: block; background-image: url(//static.coupangcdn.com/image/cmg/common/rating-star/RDS.png); background-repeat: no-repeat; width: 100%; height: 12px; background-size: 60px 24px; background-position: 0 0"></em></span></div><div style="-webkit-line-clamp: 1; overflow: hidden; display: -webkit-box!important; -webkit-box-orient: vertical; min-width: fit-content; width: fit-content"><span style="font-size: 12px; font-weight: normal; color: rgba(118, 134, 149, 1); word-break: break-all; vertical-align: middle">(2)</span></div></div></div><div style="display: flex; flex-direction: column; width: 1px; min-width: 1px; align-self: stretch; margin: 0px 0px 16px 0px; background-color: rgba(238, 238, 238, 1)"></div></div><div style="display: flex; flex-direction: row; -webkit-box-sizing: border-box; min-width: fit-content; width: fit-content; margin: 0px 12px 0px 0px"><div style="display: flex; flex-direction: column; width: 124px; min-width: 124px; margin: 0px 12px 16px 0px" class="cmg-dco-carousel-item cmg-dco-carousel-product hover-style-E" data-adsplatform="{&quot;viewImpression&quot;: &quot;https://mercury.coupang.com/e.gif?r=db4ff9a0-8e1e-11f0-9dca-f39be8212b9d%7E2&amp;templateId=5177&quot;}"><div style="width: 124px; min-width: 124px; height: 124px;min-height: 124px; margin: 0px 0px 8px 0px; overflow: hidden"><img src="https://thumbnail9.coupangcdn.com/thumbnails/remote/292x292q65ex/image/vendor_inventory/69ab/757355c5ed6c762fd7aef302ebcd27685f37f6cfef5b2aa5fc4236d20abd.jpg" style="vertical-align: top; height: 100%; object-fit: contain; border-radius: 0px 0px 0px 0px; " class="main-image"></div><div style="-webkit-line-clamp: 100; overflow: hidden; display: -webkit-box!important; -webkit-box-orient: vertical; min-width: fit-content; width: fit-content; padding: 0px 0px 6px 0px"><span style="font-size: 12px; font-weight: bold; color: rgba(99, 115, 129, 1); word-break: break-all; vertical-align: middle">무료배송</span></div><div style="-webkit-line-clamp: 2; overflow: hidden; display: -webkit-box!important; -webkit-box-orient: vertical; width: 100%;; margin: 0px 0px 4px 0px"><span style="font-size: 14px; font-weight: normal; color: rgba(33, 43, 54, 1); word-break: break-all; vertical-align: middle" class="product-title">[산지직송]특대 완도 활전복 1kg(12-13미) 산소포장, 1개</span></div><div style="display: flex; flex-direction: row; -webkit-box-sizing: border-box; min-width: fit-content; width: fit-content; margin: 0px 0px 4px 0px; align-items: center"><div style="-webkit-line-clamp: 1; overflow: hidden; display: -webkit-box!important; -webkit-box-orient: vertical; min-width: fit-content; width: fit-content; margin: 0px 4px 0px 0px"><span style="font-size: 14px; font-weight: bold; color: rgba(203, 20, 0, 1); word-break: break-all; vertical-align: middle">24,900원</span></div></div><div style="display: flex; flex-direction: column; min-width: fit-content; width: fit-content; margin: 0px 0px 4px 0px"></div><div style="display: flex; flex-direction: row; -webkit-box-sizing: border-box; min-width: fit-content; width: fit-content"></div><div style="display: flex; flex-direction: row; -webkit-box-sizing: border-box; min-width: fit-content; width: fit-content; align-items: flex-end"><div style="display: flex; min-width: fit-content; width: fit-content; height: 13px; min-height: 13px; margin: 0px 2px 0px 0px"><span style="display: block; background-image: url(//static.coupangcdn.com/image/cmg/common/rating-star/RDS.png); background-repeat: no-repeat; width: 60px; height: 12px; background-size: 60px 24px; background-position: 0 -12px"><em style="display: block; background-image: url(//static.coupangcdn.com/image/cmg/common/rating-star/RDS.png); background-repeat: no-repeat; width: 100%; height: 12px; background-size: 60px 24px; background-position: 0 0"></em></span></div><div style="-webkit-line-clamp: 1; overflow: hidden; display: -webkit-box!important; -webkit-box-orient: vertical; min-width: fit-content; width: fit-content"><span style="font-size: 12px; font-weight: normal; color: rgba(118, 134, 149, 1); word-break: break-all; vertical-align: middle">(256)</span></div></div></div><div style="display: flex; flex-direction: column; width: 1px; min-width: 1px; align-self: stretch; margin: 0px 0px 16px 0px; background-color: rgba(238, 238, 238, 1)"></div></div><div style="display: flex; flex-direction: row; -webkit-box-sizing: border-box; min-width: fit-content; width: fit-content; margin: 0px 12px 0px 0px"><div style="display: flex; flex-direction: column; width: 124px; min-width: 124px; margin: 0px 12px 16px 0px" class="cmg-dco-carousel-item cmg-dco-carousel-product hover-style-E" data-adsplatform="{&quot;viewImpression&quot;: &quot;https://mercury.coupang.com/e.gif?r=db4ff9a0-8e1e-11f0-90b7-a6febd76418a%7E2&amp;templateId=5177&quot;}"><div style="width: 124px; min-width: 124px; height: 124px;min-height: 124px; margin: 0px 0px 8px 0px; overflow: hidden"><img src="https://thumbnail7.coupangcdn.com/thumbnails/remote/292x292q65ex/image/vendor_inventory/1671/f553a870df96d6d0913dfc07a45f3c1f22927b712715e7ece5ffc1db9b14.jpg" style="vertical-align: top; height: 100%; object-fit: contain; border-radius: 0px 0px 0px 0px; " class="main-image"></div><div style="-webkit-line-clamp: 2; overflow: hidden; display: -webkit-box!important; -webkit-box-orient: vertical; width: 100%;; margin: 0px 0px 4px 0px"><span style="font-size: 14px; font-weight: normal; color: rgba(33, 43, 54, 1); word-break: break-all; vertical-align: middle" class="product-title">백두수산장어 직영양식장!! 국내산100% 자포니카, 1개, 장어1kg(쿠팡)</span></div><div style="display: flex; flex-direction: row; -webkit-box-sizing: border-box; min-width: fit-content; width: fit-content; margin: 0px 0px 4px 0px; align-items: center"><div style="-webkit-line-clamp: 1; overflow: hidden; display: -webkit-box!important; -webkit-box-orient: vertical; min-width: fit-content; width: fit-content; margin: 0px 4px 0px 0px"><span style="font-size: 14px; font-weight: bold; color: rgba(203, 20, 0, 1); word-break: break-all; vertical-align: middle">44,500원</span></div></div><div style="display: flex; flex-direction: column; min-width: fit-content; width: fit-content; margin: 0px 0px 4px 0px"></div><div style="display: flex; flex-direction: row; -webkit-box-sizing: border-box; min-width: fit-content; width: fit-content"></div><div style="display: flex; flex-direction: row; -webkit-box-sizing: border-box; min-width: fit-content; width: fit-content; align-items: flex-end"><div style="display: flex; min-width: fit-content; width: fit-content; height: 13px; min-height: 13px; margin: 0px 2px 0px 0px"><span style="display: block; background-image: url(//static.coupangcdn.com/image/cmg/common/rating-star/RDS.png); background-repeat: no-repeat; width: 60px; height: 12px; background-size: 60px 24px; background-position: 0 -12px"><em style="display: block; background-image: url(//static.coupangcdn.com/image/cmg/common/rating-star/RDS.png); background-repeat: no-repeat; width: 90%; height: 12px; background-size: 60px 24px; background-position: 0 0"></em></span></div><div style="-webkit-line-clamp: 1; overflow: hidden; display: -webkit-box!important; -webkit-box-orient: vertical; min-width: fit-content; width: fit-content"><span style="font-size: 12px; font-weight: normal; color: rgba(118, 134, 149, 1); word-break: break-all; vertical-align: middle">(2,717)</span></div></div></div><div style="display: flex; flex-direction: column; width: 1px; min-width: 1px; align-self: stretch; margin: 0px 0px 16px 0px; background-color: rgba(238, 238, 238, 1)"></div></div><div style="display: flex; flex-direction: row; -webkit-box-sizing: border-box; min-width: fit-content; width: fit-content; margin: 0px 12px 0px 0px"><div style="display: flex; flex-direction: column; width: 124px; min-width: 124px; margin: 0px 12px 16px 0px" class="cmg-dco-carousel-item cmg-dco-carousel-product hover-style-E" data-adsplatform="{&quot;viewImpression&quot;: &quot;https://mercury.coupang.com/e.gif?r=db4ff9a0-8e1e-11f0-94bd-e7b117abd7a7%7E2&amp;templateId=5177&quot;}"><div style="width: 124px; min-width: 124px; height: 124px;min-height: 124px; margin: 0px 0px 8px 0px; overflow: hidden"><img src="https://thumbnail12.coupangcdn.com/thumbnails/remote/292x292q65ex/image/vendor_inventory/0748/dd8702d3d8220c24572ed7cee949d32344c778348a4ce736cc0b31b26e1c.jpg" style="vertical-align: top; height: 100%; object-fit: contain; border-radius: 0px 0px 0px 0px; " class="main-image"></div><div style="-webkit-line-clamp: 100; overflow: hidden; display: -webkit-box!important; -webkit-box-orient: vertical; min-width: fit-content; width: fit-content; padding: 0px 0px 6px 0px"><span style="font-size: 12px; font-weight: bold; color: rgba(99, 115, 129, 1); word-break: break-all; vertical-align: middle">무료배송</span></div><div style="-webkit-line-clamp: 2; overflow: hidden; display: -webkit-box!important; -webkit-box-orient: vertical; width: 100%;; margin: 0px 0px 4px 0px"><span style="font-size: 14px; font-weight: normal; color: rgba(33, 43, 54, 1); word-break: break-all; vertical-align: middle" class="product-title">[가성비 1등] 알배기 간장게장 100% 암꽃게장, 1개, 2kg</span></div><div style="display: flex; flex-direction: row; -webkit-box-sizing: border-box; min-width: fit-content; width: fit-content; margin: 0px 0px 4px 0px; align-items: center"><div style="-webkit-line-clamp: 1; overflow: hidden; display: -webkit-box!important; -webkit-box-orient: vertical; min-width: fit-content; width: fit-content; margin: 0px 4px 0px 0px"><span style="font-size: 14px; font-weight: bold; color: rgba(203, 20, 0, 1); word-break: break-all; vertical-align: middle">19,500원</span></div></div><div style="display: flex; flex-direction: column; min-width: fit-content; width: fit-content; margin: 0px 0px 4px 0px"></div><div style="display: flex; flex-direction: row; -webkit-box-sizing: border-box; min-width: fit-content; width: fit-content"></div><div style="display: flex; flex-direction: row; -webkit-box-sizing: border-box; min-width: fit-content; width: fit-content; align-items: flex-end"><div style="display: flex; min-width: fit-content; width: fit-content; height: 13px; min-height: 13px; margin: 0px 2px 0px 0px"><span style="display: block; background-image: url(//static.coupangcdn.com/image/cmg/common/rating-star/RDS.png); background-repeat: no-repeat; width: 60px; height: 12px; background-size: 60px 24px; background-position: 0 -12px"><em style="display: block; background-image: url(//static.coupangcdn.com/image/cmg/common/rating-star/RDS.png); background-repeat: no-repeat; width: 90%; height: 12px; background-size: 60px 24px; background-position: 0 0"></em></span></div><div style="-webkit-line-clamp: 1; overflow: hidden; display: -webkit-box!important; -webkit-box-orient: vertical; min-width: fit-content; width: fit-content"><span style="font-size: 12px; font-weight: normal; color: rgba(118, 134, 149, 1); word-break: break-all; vertical-align: middle">(71)</span></div></div></div><div style="display: flex; flex-direction: column; width: 1px; min-width: 1px; align-self: stretch; margin: 0px 0px 16px 0px; background-color: rgba(238, 238, 238, 1)"></div></div><div style="display: flex; flex-direction: row; -webkit-box-sizing: border-box; min-width: fit-content; width: fit-content; margin: 0px 12px 0px 0px"><div style="display: flex; flex-direction: column; width: 124px; min-width: 124px; margin: 0px 12px 16px 0px" class="cmg-dco-carousel-item cmg-dco-carousel-product hover-style-E" data-adsplatform="{&quot;viewImpression&quot;: &quot;https://mercury.coupang.com/e.gif?r=db5020b0-8e1e-11f0-a24c-27000477d968%7E2&amp;templateId=5177&quot;}"><div style="width: 124px; min-width: 124px; height: 124px;min-height: 124px; margin: 0px 0px 8px 0px; overflow: hidden"><img src="https://thumbnail7.coupangcdn.com/thumbnails/remote/292x292q65ex/image/vendor_inventory/0e78/3fd79db0d833d686d69eebc3cc2c2707b5664557ae25736245bea78218b4.png" style="vertical-align: top; height: 100%; object-fit: contain; border-radius: 0px 0px 0px 0px; " class="main-image"></div><div style="-webkit-line-clamp: 100; overflow: hidden; display: -webkit-box!important; -webkit-box-orient: vertical; min-width: fit-content; width: fit-content; padding: 0px 0px 6px 0px"><span style="font-size: 12px; font-weight: bold; color: rgba(99, 115, 129, 1); word-break: break-all; vertical-align: middle">무료배송</span></div><div style="-webkit-line-clamp: 2; overflow: hidden; display: -webkit-box!important; -webkit-box-orient: vertical; width: 100%;; margin: 0px 0px 4px 0px"><span style="font-size: 14px; font-weight: normal; color: rgba(33, 43, 54, 1); word-break: break-all; vertical-align: middle" class="product-title">바닷간 자숙 러시아 대게 선주직송, 1개, 5kg (4-6미)</span></div><div style="display: flex; flex-direction: row; -webkit-box-sizing: border-box; min-width: fit-content; width: fit-content; margin: 0px 0px 4px 0px; align-items: center"><div style="-webkit-line-clamp: 1; overflow: hidden; display: -webkit-box!important; -webkit-box-orient: vertical; min-width: fit-content; width: fit-content; margin: 0px 4px 0px 0px"><span style="font-size: 14px; font-weight: bold; color: rgba(203, 20, 0, 1); word-break: break-all; vertical-align: middle">179,900원</span></div></div><div style="display: flex; flex-direction: column; min-width: fit-content; width: fit-content; margin: 0px 0px 4px 0px"></div><div style="display: flex; flex-direction: row; -webkit-box-sizing: border-box; min-width: fit-content; width: fit-content"></div><div style="display: flex; flex-direction: row; -webkit-box-sizing: border-box; min-width: fit-content; width: fit-content; align-items: flex-end"><div style="display: flex; min-width: fit-content; width: fit-content; height: 13px; min-height: 13px; margin: 0px 2px 0px 0px"><span style="display: block; background-image: url(//static.coupangcdn.com/image/cmg/common/rating-star/RDS.png); background-repeat: no-repeat; width: 60px; height: 12px; background-size: 60px 24px; background-position: 0 -12px"><em style="display: block; background-image: url(//static.coupangcdn.com/image/cmg/common/rating-star/RDS.png); background-repeat: no-repeat; width: 90%; height: 12px; background-size: 60px 24px; background-position: 0 0"></em></span></div><div style="-webkit-line-clamp: 1; overflow: hidden; display: -webkit-box!important; -webkit-box-orient: vertical; min-width: fit-content; width: fit-content"><span style="font-size: 12px; font-weight: normal; color: rgba(118, 134, 149, 1); word-break: break-all; vertical-align: middle">(40)</span></div></div></div><div style="display: flex; flex-direction: column; width: 1px; min-width: 1px; align-self: stretch; margin: 0px 0px 16px 0px; background-color: rgba(238, 238, 238, 1)"></div></div><div style="display: flex; flex-direction: row; -webkit-box-sizing: border-box; min-width: fit-content; width: fit-content; margin: 0px 12px 0px 0px"><div style="display: flex; flex-direction: column; width: 124px; min-width: 124px; margin: 0px 12px 16px 0px" class="cmg-dco-carousel-item cmg-dco-carousel-product hover-style-E" data-adsplatform="{&quot;viewImpression&quot;: &quot;https://mercury.coupang.com/e.gif?r=db5020b0-8e1e-11f0-ae68-39511ab746cc%7E2&amp;templateId=5177&quot;}"><div style="width: 124px; min-width: 124px; height: 124px;min-height: 124px; margin: 0px 0px 8px 0px; overflow: hidden"><img src="https://thumbnail3.coupangcdn.com/thumbnails/remote/292x292q65ex/image/vendor_inventory/b28f/b3ecb4a89952691ae37b5e28c9dc1b7db2a7aa6e3fda6adcc780debb6f13.png" style="vertical-align: top; height: 100%; object-fit: contain; border-radius: 0px 0px 0px 0px; " class="main-image"></div><div style="-webkit-line-clamp: 100; overflow: hidden; display: -webkit-box!important; -webkit-box-orient: vertical; min-width: fit-content; width: fit-content; padding: 0px 0px 6px 0px"><span style="font-size: 12px; font-weight: bold; color: rgba(99, 115, 129, 1); word-break: break-all; vertical-align: middle">무료배송</span></div><div style="-webkit-line-clamp: 2; overflow: hidden; display: -webkit-box!important; -webkit-box-orient: vertical; width: 100%;; margin: 0px 0px 4px 0px"><span style="font-size: 14px; font-weight: normal; color: rgba(33, 43, 54, 1); word-break: break-all; vertical-align: middle" class="product-title">[청춘찬가]연평도 암꽃게 간장게장 꽉찬 알배기 국내산, 3kg, 1개</span></div><div style="display: flex; flex-direction: row; -webkit-box-sizing: border-box; min-width: fit-content; width: fit-content; margin: 0px 0px 4px 0px; align-items: center"><div style="-webkit-line-clamp: 1; overflow: hidden; display: -webkit-box!important; -webkit-box-orient: vertical; min-width: fit-content; width: fit-content; margin: 0px 4px 0px 0px"><span style="font-size: 14px; font-weight: bold; color: rgba(203, 20, 0, 1); word-break: break-all; vertical-align: middle">42,100원</span></div></div><div style="display: flex; flex-direction: column; min-width: fit-content; width: fit-content; margin: 0px 0px 4px 0px"></div><div style="display: flex; flex-direction: row; -webkit-box-sizing: border-box; min-width: fit-content; width: fit-content"><div style="display: flex; flex-direction: row; -webkit-box-sizing: border-box; min-width: fit-content; width: fit-content; height: 16px; min-height: 16px; padding: 0px 4px 1px 4px; margin: 0px 0px 6px 0px; background-color: rgba(225, 39, 5, 1); border-radius: 4px 4px 4px 4px; align-items: center"><div style="-webkit-line-clamp: 1; overflow: hidden; display: -webkit-box!important; -webkit-box-orient: vertical; min-width: fit-content; width: fit-content; margin: 0px 2px 0px 0px"><span style="font-size: 11px; font-weight: bold; color: rgba(255, 255, 255, 1); word-break: break-all; vertical-align: middle">38%</span></div><div style="-webkit-line-clamp: 1; overflow: hidden; display: -webkit-box!important; -webkit-box-orient: vertical; min-width: fit-content; width: fit-content"><span style="font-size: 11px; font-weight: bold; color: rgba(255, 255, 255, 1); word-break: break-all; vertical-align: middle">할인</span></div></div></div><div style="display: flex; flex-direction: row; -webkit-box-sizing: border-box; min-width: fit-content; width: fit-content; align-items: flex-end"><div style="display: flex; min-width: fit-content; width: fit-content; height: 13px; min-height: 13px; margin: 0px 2px 0px 0px"><span style="display: block; background-image: url(//static.coupangcdn.com/image/cmg/common/rating-star/RDS.png); background-repeat: no-repeat; width: 60px; height: 12px; background-size: 60px 24px; background-position: 0 -12px"><em style="display: block; background-image: url(//static.coupangcdn.com/image/cmg/common/rating-star/RDS.png); background-repeat: no-repeat; width: 100%; height: 12px; background-size: 60px 24px; background-position: 0 0"></em></span></div><div style="-webkit-line-clamp: 1; overflow: hidden; display: -webkit-box!important; -webkit-box-orient: vertical; min-width: fit-content; width: fit-content"><span style="font-size: 12px; font-weight: normal; color: rgba(118, 134, 149, 1); word-break: break-all; vertical-align: middle">(10)</span></div></div></div><div style="display: flex; flex-direction: column; width: 1px; min-width: 1px; align-self: stretch; margin: 0px 0px 16px 0px; background-color: rgba(238, 238, 238, 1)"></div></div><div style="display: flex; flex-direction: row; -webkit-box-sizing: border-box; min-width: fit-content; width: fit-content; margin: 0px 12px 0px 0px"><div style="display: flex; flex-direction: column; width: 124px; min-width: 124px; margin: 0px 12px 16px 0px" class="cmg-dco-carousel-item cmg-dco-carousel-product hover-style-E" data-adsplatform="{&quot;viewImpression&quot;: &quot;https://mercury.coupang.com/e.gif?r=db5020b0-8e1e-11f0-9b62-755c63c8f193%7E2&amp;templateId=5177&quot;}"><div style="width: 124px; min-width: 124px; height: 124px;min-height: 124px; margin: 0px 0px 8px 0px; overflow: hidden"><img src="https://thumbnail11.coupangcdn.com/thumbnails/remote/292x292q65ex/image/vendor_inventory/ff98/8f5ad3af02b8f35cc701a62fc1d334715dcd2d386f267313aca893431e66.png" style="vertical-align: top; height: 100%; object-fit: contain; border-radius: 0px 0px 0px 0px; " class="main-image"></div><div style="-webkit-line-clamp: 100; overflow: hidden; display: -webkit-box!important; -webkit-box-orient: vertical; min-width: fit-content; width: fit-content; padding: 0px 0px 6px 0px"><span style="font-size: 12px; font-weight: bold; color: rgba(99, 115, 129, 1); word-break: break-all; vertical-align: middle">무료배송</span></div><div style="-webkit-line-clamp: 2; overflow: hidden; display: -webkit-box!important; -webkit-box-orient: vertical; width: 100%;; margin: 0px 0px 4px 0px"><span style="font-size: 14px; font-weight: normal; color: rgba(33, 43, 54, 1); word-break: break-all; vertical-align: middle" class="product-title">물결가득 포항 구룡포 자숙 연지홍게 수율90% 실속형 산지직송, 1박스, 2kg</span></div><div style="display: flex; flex-direction: row; -webkit-box-sizing: border-box; min-width: fit-content; width: fit-content; margin: 0px 0px 4px 0px; align-items: center"><div style="-webkit-line-clamp: 1; overflow: hidden; display: -webkit-box!important; -webkit-box-orient: vertical; min-width: fit-content; width: fit-content; margin: 0px 4px 0px 0px"><span style="font-size: 14px; font-weight: bold; color: rgba(203, 20, 0, 1); word-break: break-all; vertical-align: middle">19,400원</span></div></div><div style="display: flex; flex-direction: column; min-width: fit-content; width: fit-content; margin: 0px 0px 4px 0px"></div><div style="display: flex; flex-direction: row; -webkit-box-sizing: border-box; min-width: fit-content; width: fit-content"><div style="display: flex; flex-direction: row; -webkit-box-sizing: border-box; min-width: fit-content; width: fit-content; height: 16px; min-height: 16px; padding: 0px 4px 1px 4px; margin: 0px 0px 6px 0px; background-color: rgba(225, 39, 5, 1); border-radius: 4px 4px 4px 4px; align-items: center"><div style="-webkit-line-clamp: 1; overflow: hidden; display: -webkit-box!important; -webkit-box-orient: vertical; min-width: fit-content; width: fit-content; margin: 0px 2px 0px 0px"><span style="font-size: 11px; font-weight: bold; color: rgba(255, 255, 255, 1); word-break: break-all; vertical-align: middle">57%</span></div><div style="-webkit-line-clamp: 1; overflow: hidden; display: -webkit-box!important; -webkit-box-orient: vertical; min-width: fit-content; width: fit-content"><span style="font-size: 11px; font-weight: bold; color: rgba(255, 255, 255, 1); word-break: break-all; vertical-align: middle">할인</span></div></div></div><div style="display: flex; flex-direction: row; -webkit-box-sizing: border-box; min-width: fit-content; width: fit-content; align-items: flex-end"><div style="display: flex; min-width: fit-content; width: fit-content; height: 13px; min-height: 13px; margin: 0px 2px 0px 0px"><span style="display: block; background-image: url(//static.coupangcdn.com/image/cmg/common/rating-star/RDS.png); background-repeat: no-repeat; width: 60px; height: 12px; background-size: 60px 24px; background-position: 0 -12px"><em style="display: block; background-image: url(//static.coupangcdn.com/image/cmg/common/rating-star/RDS.png); background-repeat: no-repeat; width: 90%; height: 12px; background-size: 60px 24px; background-position: 0 0"></em></span></div><div style="-webkit-line-clamp: 1; overflow: hidden; display: -webkit-box!important; -webkit-box-orient: vertical; min-width: fit-content; width: fit-content"><span style="font-size: 12px; font-weight: normal; color: rgba(118, 134, 149, 1); word-break: break-all; vertical-align: middle">(56)</span></div></div></div><div style="display: flex; flex-direction: column; width: 1px; min-width: 1px; align-self: stretch; margin: 0px 0px 16px 0px; background-color: rgba(238, 238, 238, 1)"></div></div><div style="display: flex; flex-direction: row; -webkit-box-sizing: border-box; min-width: fit-content; width: fit-content; margin: 0px 12px 0px 0px"><div style="display: flex; flex-direction: column; width: 124px; min-width: 124px; margin: 0px 12px 16px 0px" class="cmg-dco-carousel-item cmg-dco-carousel-product hover-style-E" data-adsplatform="{&quot;viewImpression&quot;: &quot;https://mercury.coupang.com/e.gif?r=db5020b0-8e1e-11f0-a1b6-edfdf9749758%7E2&amp;templateId=5177&quot;}"><div style="width: 124px; min-width: 124px; height: 124px;min-height: 124px; margin: 0px 0px 8px 0px; overflow: hidden"><img src="https://thumbnail15.coupangcdn.com/thumbnails/remote/292x292q65ex/image/vendor_inventory/6960/b2b58cfe1fa052f680961914a32fb2847a6c4c3c9f3845578b6f881a483c.jpg" style="vertical-align: top; height: 100%; object-fit: contain; border-radius: 0px 0px 0px 0px; " class="main-image"></div><div style="-webkit-line-clamp: 100; overflow: hidden; display: -webkit-box!important; -webkit-box-orient: vertical; min-width: fit-content; width: fit-content; padding: 0px 0px 6px 0px"><span style="font-size: 12px; font-weight: bold; color: rgba(99, 115, 129, 1); word-break: break-all; vertical-align: middle">무료배송</span></div><div style="-webkit-line-clamp: 2; overflow: hidden; display: -webkit-box!important; -webkit-box-orient: vertical; width: 100%;; margin: 0px 0px 4px 0px"><span style="font-size: 14px; font-weight: normal; color: rgba(33, 43, 54, 1); word-break: break-all; vertical-align: middle" class="product-title">바다농장 완도 활 전복 산지직송, 1개, 1kg(특대 9~11미)</span></div><div style="display: flex; flex-direction: row; -webkit-box-sizing: border-box; min-width: fit-content; width: fit-content; margin: 0px 0px 4px 0px; align-items: center"><div style="-webkit-line-clamp: 1; overflow: hidden; display: -webkit-box!important; -webkit-box-orient: vertical; min-width: fit-content; width: fit-content; margin: 0px 4px 0px 0px"><span style="font-size: 14px; font-weight: bold; color: rgba(203, 20, 0, 1); word-break: break-all; vertical-align: middle">31,900원</span></div></div><div style="display: flex; flex-direction: column; min-width: fit-content; width: fit-content; margin: 0px 0px 4px 0px"></div><div style="display: flex; flex-direction: row; -webkit-box-sizing: border-box; min-width: fit-content; width: fit-content"><div style="display: flex; flex-direction: row; -webkit-box-sizing: border-box; min-width: fit-content; width: fit-content; height: 16px; min-height: 16px; padding: 0px 4px 1px 4px; margin: 0px 0px 6px 0px; background-color: rgba(225, 39, 5, 1); border-radius: 4px 4px 4px 4px; align-items: center"><div style="-webkit-line-clamp: 1; overflow: hidden; display: -webkit-box!important; -webkit-box-orient: vertical; min-width: fit-content; width: fit-content; margin: 0px 2px 0px 0px"><span style="font-size: 11px; font-weight: bold; color: rgba(255, 255, 255, 1); word-break: break-all; vertical-align: middle">61%</span></div><div style="-webkit-line-clamp: 1; overflow: hidden; display: -webkit-box!important; -webkit-box-orient: vertical; min-width: fit-content; width: fit-content"><span style="font-size: 11px; font-weight: bold; color: rgba(255, 255, 255, 1); word-break: break-all; vertical-align: middle">할인</span></div></div></div><div style="display: flex; flex-direction: row; -webkit-box-sizing: border-box; min-width: fit-content; width: fit-content; align-items: flex-end"><div style="display: flex; min-width: fit-content; width: fit-content; height: 13px; min-height: 13px; margin: 0px 2px 0px 0px"><span style="display: block; background-image: url(//static.coupangcdn.com/image/cmg/common/rating-star/RDS.png); background-repeat: no-repeat; width: 60px; height: 12px; background-size: 60px 24px; background-position: 0 -12px"><em style="display: block; background-image: url(//static.coupangcdn.com/image/cmg/common/rating-star/RDS.png); background-repeat: no-repeat; width: 100%; height: 12px; background-size: 60px 24px; background-position: 0 0"></em></span></div><div style="-webkit-line-clamp: 1; overflow: hidden; display: -webkit-box!important; -webkit-box-orient: vertical; min-width: fit-content; width: fit-content"><span style="font-size: 12px; font-weight: normal; color: rgba(118, 134, 149, 1); word-break: break-all; vertical-align: middle">(248)</span></div></div></div><div style="display: flex; flex-direction: column; width: 1px; min-width: 1px; align-self: stretch; margin: 0px 0px 16px 0px; background-color: rgba(238, 238, 238, 1)"></div></div><div style="display: flex; flex-direction: row; -webkit-box-sizing: border-box; min-width: fit-content; width: fit-content; margin: 0px 12px 0px 0px"><div style="display: flex; flex-direction: column; width: 124px; min-width: 124px; margin: 0px 12px 16px 0px" class="cmg-dco-carousel-item cmg-dco-carousel-product hover-style-E" data-adsplatform="{&quot;viewImpression&quot;: &quot;https://mercury.coupang.com/e.gif?r=db5020b0-8e1e-11f0-b78a-b6e870069021%7E2&amp;templateId=5177&quot;}"><div style="width: 124px; min-width: 124px; height: 124px;min-height: 124px; margin: 0px 0px 8px 0px; overflow: hidden"><img src="https://thumbnail1.coupangcdn.com/thumbnails/remote/292x292q65ex/image/vendor_inventory/2747/a7ea395ee965645e1179ed7e9aa617069fc2d2e7dfe735cf2abcf3953627.jpg" style="vertical-align: top; height: 100%; object-fit: contain; border-radius: 0px 0px 0px 0px; " class="main-image"></div><div style="-webkit-line-clamp: 2; overflow: hidden; display: -webkit-box!important; -webkit-box-orient: vertical; width: 100%;; margin: 0px 0px 4px 0px"><span style="font-size: 14px; font-weight: normal; color: rgba(33, 43, 54, 1); word-break: break-all; vertical-align: middle" class="product-title">[일구수산]싱싱한 통영 냉동굴 (iqf) (조리용)/산지/직접생산, 냉동굴 IQF 1kg, 1개</span></div><div style="display: flex; flex-direction: row; -webkit-box-sizing: border-box; min-width: fit-content; width: fit-content; margin: 0px 0px 4px 0px; align-items: center"><div style="-webkit-line-clamp: 1; overflow: hidden; display: -webkit-box!important; -webkit-box-orient: vertical; min-width: fit-content; width: fit-content; margin: 0px 4px 0px 0px"><span style="font-size: 14px; font-weight: bold; color: rgba(203, 20, 0, 1); word-break: break-all; vertical-align: middle">11,900원</span></div></div><div style="display: flex; flex-direction: column; min-width: fit-content; width: fit-content; margin: 0px 0px 4px 0px"></div><div style="display: flex; flex-direction: row; -webkit-box-sizing: border-box; min-width: fit-content; width: fit-content"></div><div style="display: flex; flex-direction: row; -webkit-box-sizing: border-box; min-width: fit-content; width: fit-content; align-items: flex-end"><div style="display: flex; min-width: fit-content; width: fit-content; height: 13px; min-height: 13px; margin: 0px 2px 0px 0px"><span style="display: block; background-image: url(//static.coupangcdn.com/image/cmg/common/rating-star/RDS.png); background-repeat: no-repeat; width: 60px; height: 12px; background-size: 60px 24px; background-position: 0 -12px"><em style="display: block; background-image: url(//static.coupangcdn.com/image/cmg/common/rating-star/RDS.png); background-repeat: no-repeat; width: 100%; height: 12px; background-size: 60px 24px; background-position: 0 0"></em></span></div><div style="-webkit-line-clamp: 1; overflow: hidden; display: -webkit-box!important; -webkit-box-orient: vertical; min-width: fit-content; width: fit-content"><span style="font-size: 12px; font-weight: normal; color: rgba(118, 134, 149, 1); word-break: break-all; vertical-align: middle">(24)</span></div></div></div><div style="display: flex; flex-direction: column; width: 1px; min-width: 1px; align-self: stretch; margin: 0px 0px 16px 0px; background-color: rgba(238, 238, 238, 1)"></div></div><div style="display: flex; flex-direction: row; -webkit-box-sizing: border-box; min-width: fit-content; width: fit-content; margin: 0px 12px 0px 0px"><div style="display: flex; flex-direction: column; width: 124px; min-width: 124px; margin: 0px 12px 16px 0px" class="cmg-dco-carousel-item cmg-dco-carousel-product hover-style-E" data-adsplatform="{&quot;viewImpression&quot;: &quot;https://mercury.coupang.com/e.gif?r=db5020b0-8e1e-11f0-b3d5-04f1591a27f7%7E2&amp;templateId=5177&quot;}"><div style="width: 124px; min-width: 124px; height: 124px;min-height: 124px; margin: 0px 0px 8px 0px; overflow: hidden"><img src="https://thumbnail10.coupangcdn.com/thumbnails/remote/292x292q65ex/image/vendor_inventory/0dc4/c6e7312e8f3ff0295118c5b07fbf93972059fd87486a4fbbcab263fdabee.jpg" style="vertical-align: top; height: 100%; object-fit: contain; border-radius: 0px 0px 0px 0px; " class="main-image"></div><div style="-webkit-line-clamp: 100; overflow: hidden; display: -webkit-box!important; -webkit-box-orient: vertical; min-width: fit-content; width: fit-content; padding: 0px 0px 6px 0px"><span style="font-size: 12px; font-weight: bold; color: rgba(99, 115, 129, 1); word-break: break-all; vertical-align: middle">무료배송</span></div><div style="-webkit-line-clamp: 2; overflow: hidden; display: -webkit-box!important; -webkit-box-orient: vertical; width: 100%;; margin: 0px 0px 4px 0px"><span style="font-size: 14px; font-weight: normal; color: rgba(33, 43, 54, 1); word-break: break-all; vertical-align: middle" class="product-title">꽃게 4미 프리미엄 간장게장, 1개, 3kg</span></div><div style="display: flex; flex-direction: row; -webkit-box-sizing: border-box; min-width: fit-content; width: fit-content; margin: 0px 0px 4px 0px; align-items: center"><div style="-webkit-line-clamp: 1; overflow: hidden; display: -webkit-box!important; -webkit-box-orient: vertical; min-width: fit-content; width: fit-content; margin: 0px 4px 0px 0px"><span style="font-size: 14px; font-weight: bold; color: rgba(203, 20, 0, 1); word-break: break-all; vertical-align: middle">38,000원</span></div></div><div style="display: flex; flex-direction: column; min-width: fit-content; width: fit-content; margin: 0px 0px 4px 0px"></div><div style="display: flex; flex-direction: row; -webkit-box-sizing: border-box; min-width: fit-content; width: fit-content"></div><div style="display: flex; flex-direction: row; -webkit-box-sizing: border-box; min-width: fit-content; width: fit-content; align-items: flex-end"><div style="display: flex; min-width: fit-content; width: fit-content; height: 13px; min-height: 13px; margin: 0px 2px 0px 0px"><span style="display: block; background-image: url(//static.coupangcdn.com/image/cmg/common/rating-star/RDS.png); background-repeat: no-repeat; width: 60px; height: 12px; background-size: 60px 24px; background-position: 0 -12px"><em style="display: block; background-image: url(//static.coupangcdn.com/image/cmg/common/rating-star/RDS.png); background-repeat: no-repeat; width: 80%; height: 12px; background-size: 60px 24px; background-position: 0 0"></em></span></div><div style="-webkit-line-clamp: 1; overflow: hidden; display: -webkit-box!important; -webkit-box-orient: vertical; min-width: fit-content; width: fit-content"><span style="font-size: 12px; font-weight: normal; color: rgba(118, 134, 149, 1); word-break: break-all; vertical-align: middle">(1,440)</span></div></div></div><div style="display: flex; flex-direction: column; width: 1px; min-width: 1px; align-self: stretch; margin: 0px 0px 16px 0px; background-color: rgba(238, 238, 238, 1)"></div></div><div style="display: flex; flex-direction: row; -webkit-box-sizing: border-box; min-width: fit-content; width: fit-content; margin: 0px 12px 0px 0px"><div style="display: flex; flex-direction: column; width: 124px; min-width: 124px; margin: 0px 12px 16px 0px" class="cmg-dco-carousel-item cmg-dco-carousel-product hover-style-E" data-adsplatform="{&quot;viewImpression&quot;: &quot;https://mercury.coupang.com/e.gif?r=db5020b0-8e1e-11f0-a5e9-e5ca09f1f8b6%7E2&amp;templateId=5177&quot;}"><div style="width: 124px; min-width: 124px; height: 124px;min-height: 124px; margin: 0px 0px 8px 0px; overflow: hidden"><img src="https://thumbnail9.coupangcdn.com/thumbnails/remote/292x292q65ex/image/vendor_inventory/dbd0/193f7ffa4397aeb7d9746958b7d79aeae96d953c3e98c78942bfc0d44cf1.png" style="vertical-align: top; height: 100%; object-fit: contain; border-radius: 0px 0px 0px 0px; " class="main-image"></div><div style="-webkit-line-clamp: 100; overflow: hidden; display: -webkit-box!important; -webkit-box-orient: vertical; min-width: fit-content; width: fit-content; padding: 0px 0px 6px 0px"><span style="font-size: 12px; font-weight: bold; color: rgba(99, 115, 129, 1); word-break: break-all; vertical-align: middle">무료배송</span></div><div style="-webkit-line-clamp: 2; overflow: hidden; display: -webkit-box!important; -webkit-box-orient: vertical; width: 100%;; margin: 0px 0px 4px 0px"><span style="font-size: 14px; font-weight: normal; color: rgba(33, 43, 54, 1); word-break: break-all; vertical-align: middle" class="product-title">[동해항 당일발송] 특A급 러시아 박달대게 자숙대게 수율보장제도실시, 2kg (2마리내외), 1개</span></div><div style="display: flex; flex-direction: row; -webkit-box-sizing: border-box; min-width: fit-content; width: fit-content; margin: 0px 0px 4px 0px; align-items: center"><div style="-webkit-line-clamp: 1; overflow: hidden; display: -webkit-box!important; -webkit-box-orient: vertical; min-width: fit-content; width: fit-content; margin: 0px 4px 0px 0px"><span style="font-size: 14px; font-weight: bold; color: rgba(203, 20, 0, 1); word-break: break-all; vertical-align: middle">67,600원</span></div></div><div style="display: flex; flex-direction: column; min-width: fit-content; width: fit-content; margin: 0px 0px 4px 0px"></div><div style="display: flex; flex-direction: row; -webkit-box-sizing: border-box; min-width: fit-content; width: fit-content"></div><div style="display: flex; flex-direction: row; -webkit-box-sizing: border-box; min-width: fit-content; width: fit-content; align-items: flex-end"><div style="display: flex; min-width: fit-content; width: fit-content; height: 13px; min-height: 13px; margin: 0px 2px 0px 0px"><span style="display: block; background-image: url(//static.coupangcdn.com/image/cmg/common/rating-star/RDS.png); background-repeat: no-repeat; width: 60px; height: 12px; background-size: 60px 24px; background-position: 0 -12px"><em style="display: block; background-image: url(//static.coupangcdn.com/image/cmg/common/rating-star/RDS.png); background-repeat: no-repeat; width: 90%; height: 12px; background-size: 60px 24px; background-position: 0 0"></em></span></div><div style="-webkit-line-clamp: 1; overflow: hidden; display: -webkit-box!important; -webkit-box-orient: vertical; min-width: fit-content; width: fit-content"><span style="font-size: 12px; font-weight: normal; color: rgba(118, 134, 149, 1); word-break: break-all; vertical-align: middle">(163)</span></div></div></div><div style="display: flex; flex-direction: column; width: 1px; min-width: 1px; align-self: stretch; margin: 0px 0px 16px 0px; background-color: rgba(238, 238, 238, 1)"></div></div><div style="display: flex; flex-direction: row; -webkit-box-sizing: border-box; min-width: fit-content; width: fit-content; margin: 0px 12px 0px 0px"><div style="display: flex; flex-direction: column; width: 124px; min-width: 124px; margin: 0px 12px 16px 0px" class="cmg-dco-carousel-item cmg-dco-carousel-product hover-style-E" data-adsplatform="{&quot;viewImpression&quot;: &quot;https://mercury.coupang.com/e.gif?r=db5020b0-8e1e-11f0-bfae-b89c362ce7e9%7E2&amp;templateId=5177&quot;}"><div style="width: 124px; min-width: 124px; height: 124px;min-height: 124px; margin: 0px 0px 8px 0px; overflow: hidden"><img src="https://thumbnail1.coupangcdn.com/thumbnails/remote/292x292q65ex/image/vendor_inventory/102f/e42939d4fb8bed3a0a35fa3cc30d27b9426af3868c2ebab6296e7ebb447a.jpg" style="vertical-align: top; height: 100%; object-fit: contain; border-radius: 0px 0px 0px 0px; " class="main-image"></div><div style="-webkit-line-clamp: 100; overflow: hidden; display: -webkit-box!important; -webkit-box-orient: vertical; min-width: fit-content; width: fit-content; padding: 0px 0px 6px 0px"><span style="font-size: 12px; font-weight: bold; color: rgba(99, 115, 129, 1); word-break: break-all; vertical-align: middle">무료배송</span></div><div style="-webkit-line-clamp: 2; overflow: hidden; display: -webkit-box!important; -webkit-box-orient: vertical; width: 100%;; margin: 0px 0px 4px 0px"><span style="font-size: 14px; font-weight: normal; color: rgba(33, 43, 54, 1); word-break: break-all; vertical-align: middle" class="product-title">통큰간장게장 봄꽃게4~5미 배터지는 알배기 연평도 꽃게장, 3kg, 1개</span></div><div style="display: flex; flex-direction: row; -webkit-box-sizing: border-box; min-width: fit-content; width: fit-content; margin: 0px 0px 4px 0px; align-items: center"><div style="-webkit-line-clamp: 1; overflow: hidden; display: -webkit-box!important; -webkit-box-orient: vertical; min-width: fit-content; width: fit-content; margin: 0px 4px 0px 0px"><span style="font-size: 14px; font-weight: bold; color: rgba(203, 20, 0, 1); word-break: break-all; vertical-align: middle">29,160원</span></div></div><div style="display: flex; flex-direction: column; min-width: fit-content; width: fit-content; margin: 0px 0px 4px 0px"></div><div style="display: flex; flex-direction: row; -webkit-box-sizing: border-box; min-width: fit-content; width: fit-content"><div style="display: flex; flex-direction: row; -webkit-box-sizing: border-box; min-width: fit-content; width: fit-content; height: 16px; min-height: 16px; padding: 0px 4px 1px 4px; margin: 0px 0px 6px 0px; background-color: rgba(225, 39, 5, 1); border-radius: 4px 4px 4px 4px; align-items: center"><div style="-webkit-line-clamp: 1; overflow: hidden; display: -webkit-box!important; -webkit-box-orient: vertical; min-width: fit-content; width: fit-content; margin: 0px 2px 0px 0px"><span style="font-size: 11px; font-weight: bold; color: rgba(255, 255, 255, 1); word-break: break-all; vertical-align: middle">55%</span></div><div style="-webkit-line-clamp: 1; overflow: hidden; display: -webkit-box!important; -webkit-box-orient: vertical; min-width: fit-content; width: fit-content"><span style="font-size: 11px; font-weight: bold; color: rgba(255, 255, 255, 1); word-break: break-all; vertical-align: middle">할인</span></div></div></div><div style="display: flex; flex-direction: row; -webkit-box-sizing: border-box; min-width: fit-content; width: fit-content; align-items: flex-end"><div style="display: flex; min-width: fit-content; width: fit-content; height: 13px; min-height: 13px; margin: 0px 2px 0px 0px"><span style="display: block; background-image: url(//static.coupangcdn.com/image/cmg/common/rating-star/RDS.png); background-repeat: no-repeat; width: 60px; height: 12px; background-size: 60px 24px; background-position: 0 -12px"><em style="display: block; background-image: url(//static.coupangcdn.com/image/cmg/common/rating-star/RDS.png); background-repeat: no-repeat; width: 80%; height: 12px; background-size: 60px 24px; background-position: 0 0"></em></span></div><div style="-webkit-line-clamp: 1; overflow: hidden; display: -webkit-box!important; -webkit-box-orient: vertical; min-width: fit-content; width: fit-content"><span style="font-size: 12px; font-weight: normal; color: rgba(118, 134, 149, 1); word-break: break-all; vertical-align: middle">(1,705)</span></div></div></div><div style="display: flex; flex-direction: column; width: 1px; min-width: 1px; align-self: stretch; margin: 0px 0px 16px 0px; background-color: rgba(238, 238, 238, 1)"></div></div><div style="display: flex; flex-direction: row; -webkit-box-sizing: border-box; min-width: fit-content; width: fit-content; margin: 0px 12px 0px 0px"><div style="display: flex; flex-direction: column; width: 124px; min-width: 124px; margin: 0px 12px 16px 0px" class="cmg-dco-carousel-item cmg-dco-carousel-product hover-style-E" data-adsplatform="{&quot;viewImpression&quot;: &quot;https://mercury.coupang.com/e.gif?r=db5047c0-8e1e-11f0-b53e-60355b71f4f0%7E2&amp;templateId=5177&quot;}"><div style="width: 124px; min-width: 124px; height: 124px;min-height: 124px; margin: 0px 0px 8px 0px; overflow: hidden"><img src="https://thumbnail14.coupangcdn.com/thumbnails/remote/292x292q65ex/image/vendor_inventory/fb08/ba34d1096b93c4e0ed3a65886b090a35fc4ea0617d0759d855de5967a8a5.jpg" style="vertical-align: top; height: 100%; object-fit: contain; border-radius: 0px 0px 0px 0px; " class="main-image"></div><div style="-webkit-line-clamp: 100; overflow: hidden; display: -webkit-box!important; -webkit-box-orient: vertical; min-width: fit-content; width: fit-content; padding: 0px 0px 6px 0px"><span style="font-size: 12px; font-weight: bold; color: rgba(99, 115, 129, 1); word-break: break-all; vertical-align: middle">무료배송</span></div><div style="-webkit-line-clamp: 2; overflow: hidden; display: -webkit-box!important; -webkit-box-orient: vertical; width: 100%;; margin: 0px 0px 4px 0px"><span style="font-size: 14px; font-weight: normal; color: rgba(33, 43, 54, 1); word-break: break-all; vertical-align: middle" class="product-title">[신선도 UP] 통영 자연산 바다 붕장어 &amp; 갯장어 하모 샤브샤브용 &amp; 구이용 산지직송, 1개, 아나고 샤브용 (손질 후 400g 내외)</span></div><div style="display: flex; flex-direction: row; -webkit-box-sizing: border-box; min-width: fit-content; width: fit-content; margin: 0px 0px 4px 0px; align-items: center"><div style="-webkit-line-clamp: 1; overflow: hidden; display: -webkit-box!important; -webkit-box-orient: vertical; min-width: fit-content; width: fit-content; margin: 0px 4px 0px 0px"><span style="font-size: 14px; font-weight: bold; color: rgba(203, 20, 0, 1); word-break: break-all; vertical-align: middle">25,990원</span></div></div><div style="display: flex; flex-direction: column; min-width: fit-content; width: fit-content; margin: 0px 0px 4px 0px"></div><div style="display: flex; flex-direction: row; -webkit-box-sizing: border-box; min-width: fit-content; width: fit-content"></div><div style="display: flex; flex-direction: row; -webkit-box-sizing: border-box; min-width: fit-content; width: fit-content; align-items: flex-end"><div style="display: flex; min-width: fit-content; width: fit-content; height: 13px; min-height: 13px; margin: 0px 2px 0px 0px"><span style="display: block; background-image: url(//static.coupangcdn.com/image/cmg/common/rating-star/RDS.png); background-repeat: no-repeat; width: 60px; height: 12px; background-size: 60px 24px; background-position: 0 -12px"><em style="display: block; background-image: url(//static.coupangcdn.com/image/cmg/common/rating-star/RDS.png); background-repeat: no-repeat; width: 100%; height: 12px; background-size: 60px 24px; background-position: 0 0"></em></span></div><div style="-webkit-line-clamp: 1; overflow: hidden; display: -webkit-box!important; -webkit-box-orient: vertical; min-width: fit-content; width: fit-content"><span style="font-size: 12px; font-weight: normal; color: rgba(118, 134, 149, 1); word-break: break-all; vertical-align: middle">(15)</span></div></div></div><div style="display: flex; flex-direction: column; width: 1px; min-width: 1px; align-self: stretch; margin: 0px 0px 16px 0px; background-color: rgba(238, 238, 238, 1)"></div></div><div style="display: flex; flex-direction: row; -webkit-box-sizing: border-box; min-width: fit-content; width: fit-content; margin: 0px 12px 0px 0px"><div style="display: flex; flex-direction: column; width: 124px; min-width: 124px; margin: 0px 12px 16px 0px" class="cmg-dco-carousel-item cmg-dco-carousel-product hover-style-E" data-adsplatform="{&quot;viewImpression&quot;: &quot;https://mercury.coupang.com/e.gif?r=db5047c0-8e1e-11f0-9a4c-d3bb00ad7dd9%7E2&amp;templateId=5177&quot;}"><div style="width: 124px; min-width: 124px; height: 124px;min-height: 124px; margin: 0px 0px 8px 0px; overflow: hidden"><img src="https://thumbnail9.coupangcdn.com/thumbnails/remote/292x292q65ex/image/vendor_inventory/04ac/73b33b96fd3f11aab50030deb1bf5ecc983f8bdb24cce3e7beac3d37590e.jpg" style="vertical-align: top; height: 100%; object-fit: contain; border-radius: 0px 0px 0px 0px; " class="main-image"></div><div style="-webkit-line-clamp: 100; overflow: hidden; display: -webkit-box!important; -webkit-box-orient: vertical; min-width: fit-content; width: fit-content; padding: 0px 0px 6px 0px"><span style="font-size: 12px; font-weight: bold; color: rgba(99, 115, 129, 1); word-break: break-all; vertical-align: middle">무료배송</span></div><div style="-webkit-line-clamp: 2; overflow: hidden; display: -webkit-box!important; -webkit-box-orient: vertical; width: 100%;; margin: 0px 0px 4px 0px"><span style="font-size: 14px; font-weight: normal; color: rgba(33, 43, 54, 1); word-break: break-all; vertical-align: middle" class="product-title">국내산 우리집 양념게장 연평도 프리미엄, 1개, 1kg</span></div><div style="display: flex; flex-direction: row; -webkit-box-sizing: border-box; min-width: fit-content; width: fit-content; margin: 0px 0px 4px 0px; align-items: center"><div style="-webkit-line-clamp: 1; overflow: hidden; display: -webkit-box!important; -webkit-box-orient: vertical; min-width: fit-content; width: fit-content; margin: 0px 4px 0px 0px"><span style="font-size: 14px; font-weight: bold; color: rgba(203, 20, 0, 1); word-break: break-all; vertical-align: middle">25,700원</span></div></div><div style="display: flex; flex-direction: column; min-width: fit-content; width: fit-content; margin: 0px 0px 4px 0px"></div><div style="display: flex; flex-direction: row; -webkit-box-sizing: border-box; min-width: fit-content; width: fit-content"><div style="display: flex; flex-direction: row; -webkit-box-sizing: border-box; min-width: fit-content; width: fit-content; height: 16px; min-height: 16px; padding: 0px 4px 1px 4px; margin: 0px 0px 6px 0px; background-color: rgba(225, 39, 5, 1); border-radius: 4px 4px 4px 4px; align-items: center"><div style="-webkit-line-clamp: 1; overflow: hidden; display: -webkit-box!important; -webkit-box-orient: vertical; min-width: fit-content; width: fit-content; margin: 0px 2px 0px 0px"><span style="font-size: 11px; font-weight: bold; color: rgba(255, 255, 255, 1); word-break: break-all; vertical-align: middle">33%</span></div><div style="-webkit-line-clamp: 1; overflow: hidden; display: -webkit-box!important; -webkit-box-orient: vertical; min-width: fit-content; width: fit-content"><span style="font-size: 11px; font-weight: bold; color: rgba(255, 255, 255, 1); word-break: break-all; vertical-align: middle">할인</span></div></div></div><div style="display: flex; flex-direction: row; -webkit-box-sizing: border-box; min-width: fit-content; width: fit-content; align-items: flex-end"><div style="display: flex; min-width: fit-content; width: fit-content; height: 13px; min-height: 13px; margin: 0px 2px 0px 0px"><span style="display: block; background-image: url(//static.coupangcdn.com/image/cmg/common/rating-star/RDS.png); background-repeat: no-repeat; width: 60px; height: 12px; background-size: 60px 24px; background-position: 0 -12px"><em style="display: block; background-image: url(//static.coupangcdn.com/image/cmg/common/rating-star/RDS.png); background-repeat: no-repeat; width: 100%; height: 12px; background-size: 60px 24px; background-position: 0 0"></em></span></div><div style="-webkit-line-clamp: 1; overflow: hidden; display: -webkit-box!important; -webkit-box-orient: vertical; min-width: fit-content; width: fit-content"><span style="font-size: 12px; font-weight: normal; color: rgba(118, 134, 149, 1); word-break: break-all; vertical-align: middle">(1,393)</span></div></div></div><div style="display: flex; flex-direction: column; width: 1px; min-width: 1px; align-self: stretch; margin: 0px 0px 16px 0px; background-color: rgba(238, 238, 238, 1)"></div></div><div style="display: flex; flex-direction: row; -webkit-box-sizing: border-box; min-width: fit-content; width: fit-content; margin: 0px 12px 0px 0px"><div style="display: flex; flex-direction: column; width: 124px; min-width: 124px; margin: 0px 12px 16px 0px" class="cmg-dco-carousel-item cmg-dco-carousel-product hover-style-E" data-adsplatform="{&quot;viewImpression&quot;: &quot;https://mercury.coupang.com/e.gif?r=db5047c0-8e1e-11f0-b3ed-813d0532dfd6%7E2&amp;templateId=5177&quot;}"><div style="width: 124px; min-width: 124px; height: 124px;min-height: 124px; margin: 0px 0px 8px 0px; overflow: hidden"><img src="https://thumbnail9.coupangcdn.com/thumbnails/remote/292x292q65ex/image/vendor_inventory/1f21/629d20488999e09245a13e0e5266c10f3602e4f466677d041fbee475a793.jpg" style="vertical-align: top; height: 100%; object-fit: contain; border-radius: 0px 0px 0px 0px; " class="main-image"></div><div style="-webkit-line-clamp: 100; overflow: hidden; display: -webkit-box!important; -webkit-box-orient: vertical; min-width: fit-content; width: fit-content; padding: 0px 0px 6px 0px"><span style="font-size: 12px; font-weight: bold; color: rgba(99, 115, 129, 1); word-break: break-all; vertical-align: middle">무료배송</span></div><div style="-webkit-line-clamp: 2; overflow: hidden; display: -webkit-box!important; -webkit-box-orient: vertical; width: 100%;; margin: 0px 0px 4px 0px"><span style="font-size: 14px; font-weight: normal; color: rgba(33, 43, 54, 1); word-break: break-all; vertical-align: middle" class="product-title">통영 손질 깐멍게, 500g, 1개</span></div><div style="display: flex; flex-direction: row; -webkit-box-sizing: border-box; min-width: fit-content; width: fit-content; margin: 0px 0px 4px 0px; align-items: center"><div style="-webkit-line-clamp: 1; overflow: hidden; display: -webkit-box!important; -webkit-box-orient: vertical; min-width: fit-content; width: fit-content; margin: 0px 4px 0px 0px"><span style="font-size: 14px; font-weight: bold; color: rgba(203, 20, 0, 1); word-break: break-all; vertical-align: middle">16,930원</span></div></div><div style="display: flex; flex-direction: column; min-width: fit-content; width: fit-content; margin: 0px 0px 4px 0px"></div><div style="display: flex; flex-direction: row; -webkit-box-sizing: border-box; min-width: fit-content; width: fit-content"></div><div style="display: flex; flex-direction: row; -webkit-box-sizing: border-box; min-width: fit-content; width: fit-content; align-items: flex-end"><div style="display: flex; min-width: fit-content; width: fit-content; height: 13px; min-height: 13px; margin: 0px 2px 0px 0px"><span style="display: block; background-image: url(//static.coupangcdn.com/image/cmg/common/rating-star/RDS.png); background-repeat: no-repeat; width: 60px; height: 12px; background-size: 60px 24px; background-position: 0 -12px"><em style="display: block; background-image: url(//static.coupangcdn.com/image/cmg/common/rating-star/RDS.png); background-repeat: no-repeat; width: 90%; height: 12px; background-size: 60px 24px; background-position: 0 0"></em></span></div><div style="-webkit-line-clamp: 1; overflow: hidden; display: -webkit-box!important; -webkit-box-orient: vertical; min-width: fit-content; width: fit-content"><span style="font-size: 12px; font-weight: normal; color: rgba(118, 134, 149, 1); word-break: break-all; vertical-align: middle">(502)</span></div></div></div><div style="display: flex; flex-direction: column; width: 1px; min-width: 1px; align-self: stretch; margin: 0px 0px 16px 0px; background-color: rgba(238, 238, 238, 1)"></div></div><div style="display: flex; flex-direction: row; -webkit-box-sizing: border-box; min-width: fit-content; width: fit-content; margin: 0px 12px 0px 0px"><div style="display: flex; flex-direction: column; width: 124px; min-width: 124px; margin: 0px 12px 16px 0px" class="cmg-dco-carousel-item cmg-dco-carousel-product hover-style-E" data-adsplatform="{&quot;viewImpression&quot;: &quot;https://mercury.coupang.com/e.gif?r=db5047c0-8e1e-11f0-bfd0-b3113f2a0af7%7E2&amp;templateId=5177&quot;}"><div style="width: 124px; min-width: 124px; height: 124px;min-height: 124px; margin: 0px 0px 8px 0px; overflow: hidden"><img src="https://thumbnail6.coupangcdn.com/thumbnails/remote/292x292q65ex/image/vendor_inventory/adff/e137b4ac3494c7878866c346c48d013fa7f7044691b5ec631456268b11f1.jpg" style="vertical-align: top; height: 100%; object-fit: contain; border-radius: 0px 0px 0px 0px; " class="main-image"></div><div style="-webkit-line-clamp: 100; overflow: hidden; display: -webkit-box!important; -webkit-box-orient: vertical; min-width: fit-content; width: fit-content; padding: 0px 0px 6px 0px"><span style="font-size: 12px; font-weight: bold; color: rgba(99, 115, 129, 1); word-break: break-all; vertical-align: middle">무료배송</span></div><div style="-webkit-line-clamp: 2; overflow: hidden; display: -webkit-box!important; -webkit-box-orient: vertical; width: 100%;; margin: 0px 0px 4px 0px"><span style="font-size: 14px; font-weight: normal; color: rgba(33, 43, 54, 1); word-break: break-all; vertical-align: middle" class="product-title">여수정아식품 삼점 암꽃게 간장게장, 2kg, 2개</span></div><div style="display: flex; flex-direction: row; -webkit-box-sizing: border-box; min-width: fit-content; width: fit-content; margin: 0px 0px 4px 0px; align-items: center"><div style="-webkit-line-clamp: 1; overflow: hidden; display: -webkit-box!important; -webkit-box-orient: vertical; min-width: fit-content; width: fit-content; margin: 0px 4px 0px 0px"><span style="font-size: 14px; font-weight: bold; color: rgba(203, 20, 0, 1); word-break: break-all; vertical-align: middle">33,800원</span></div></div><div style="display: flex; flex-direction: column; min-width: fit-content; width: fit-content; margin: 0px 0px 4px 0px"></div><div style="display: flex; flex-direction: row; -webkit-box-sizing: border-box; min-width: fit-content; width: fit-content"><div style="display: flex; flex-direction: row; -webkit-box-sizing: border-box; min-width: fit-content; width: fit-content; height: 16px; min-height: 16px; padding: 0px 4px 1px 4px; margin: 0px 0px 6px 0px; background-color: rgba(225, 39, 5, 1); border-radius: 4px 4px 4px 4px; align-items: center"><div style="-webkit-line-clamp: 1; overflow: hidden; display: -webkit-box!important; -webkit-box-orient: vertical; min-width: fit-content; width: fit-content; margin: 0px 2px 0px 0px"><span style="font-size: 11px; font-weight: bold; color: rgba(255, 255, 255, 1); word-break: break-all; vertical-align: middle">43%</span></div><div style="-webkit-line-clamp: 1; overflow: hidden; display: -webkit-box!important; -webkit-box-orient: vertical; min-width: fit-content; width: fit-content"><span style="font-size: 11px; font-weight: bold; color: rgba(255, 255, 255, 1); word-break: break-all; vertical-align: middle">할인</span></div></div></div><div style="display: flex; flex-direction: row; -webkit-box-sizing: border-box; min-width: fit-content; width: fit-content; align-items: flex-end"><div style="display: flex; min-width: fit-content; width: fit-content; height: 13px; min-height: 13px; margin: 0px 2px 0px 0px"><span style="display: block; background-image: url(//static.coupangcdn.com/image/cmg/common/rating-star/RDS.png); background-repeat: no-repeat; width: 60px; height: 12px; background-size: 60px 24px; background-position: 0 -12px"><em style="display: block; background-image: url(//static.coupangcdn.com/image/cmg/common/rating-star/RDS.png); background-repeat: no-repeat; width: 80%; height: 12px; background-size: 60px 24px; background-position: 0 0"></em></span></div><div style="-webkit-line-clamp: 1; overflow: hidden; display: -webkit-box!important; -webkit-box-orient: vertical; min-width: fit-content; width: fit-content"><span style="font-size: 12px; font-weight: normal; color: rgba(118, 134, 149, 1); word-break: break-all; vertical-align: middle">(341)</span></div></div></div><div style="display: flex; flex-direction: column; width: 1px; min-width: 1px; align-self: stretch; margin: 0px 0px 16px 0px; background-color: rgba(238, 238, 238, 1)"></div></div></div></div></div></div></div><div data-value="qna" class="twc-scroll-mt-[49px]"><div id="btf-qna" class="twc-my-[26px] twc-py-[30px] twc-px-[16px] md:twc-px-[40px] twc-border"><div class="header twc-flex twc-justify-between twc-items-center"><h2 class="text-xl twc-scroll-m-20 twc-text-[calc(var(--adjust-font-size)+18px)] twc-pb-2 twc-text-3xl twc-font-bold twc-tracking-tight twc-first:mt-0">상품문의</h2><button class="twc-inline-flex twc-items-center twc-justify-center twc-whitespace-nowrap twc-ring-offset-background twc-transition-colors focus-visible:twc-outline-none focus-visible:twc-ring-1 focus-visible:twc-ring-ring disabled:twc-pointer-events-none disabled:twc-opacity-50 [&amp;_svg]:twc-pointer-events-none [&amp;_svg]:twc-size-6 [&amp;_svg]:twc-shrink-0 twc-border twc-rounded-[2px] twc-border-solid twc-bg-background twc-px-4 twc-py-2 twc-text-secondary-foreground twc-text-[14px] twc-font-bold" type="button" aria-haspopup="dialog" aria-expanded="false" aria-controls="radix-«R12tp9n7rlenb»" data-state="closed">문의하기</button></div><div class="emphasis twc-mt-3 twc-text-[#555] twc-text-[calc(var(--adjust-font-size)+13px)]"><ul><li class="twc-list-disc twc-ml-[16px]">구매한 상품의 <em class="twc-font-bold twc-text-[#111]">취소/반품은 마이쿠팡 구매내역에서 신청</em> 가능합니다.</li><li class="twc-list-disc twc-ml-[16px]">상품문의 및 후기게시판을 통해 취소나 환불, 반품 등은 처리되지 않습니다.</li><li class="twc-list-disc twc-ml-[16px]"><em class="twc-font-bold twc-text-[#111]">가격, 판매자, 교환/환불 및 배송 등 해당 상품 자체와 관련 없는 문의는 고객센터 내 1:1 문의하기</em>를 이용해주세요.</li><li class="twc-list-disc twc-ml-[16px]"><em class="twc-font-bold twc-text-[#111]">"해당 상품 자체"와 관계없는 글, 양도, 광고성, 욕설, 비방, 도배 등의 글은 예고 없이 이동, 노출제한, 삭제 등의 조치가 취해질 수 있습니다.</em></li><li class="twc-list-disc twc-ml-[16px]">공개 게시판이므로 전화번호, 메일 주소 등 고객님의 소중한 개인정보는 절대 남기지 말아주세요.</li></ul></div><div><div class="twc-relative twc-flex twc-items-center twc-p-3 twc-mt-[30px] twc-mb-[16px] twc-bg-[#555]"><input class="twc-pl-3 twc-w-full twc-h-[40px] twc-bg-[#fff] twc-text-[#212b36] twc-text-4 twc-leading-5 !twc-rounded twc-border border-[#c4cdd5]" autocomplete="off" maxlength="30" placeholder="궁금한 내용을 단어나 키워드로 검색하세요." type="text" value=""><span class="twc-absolute twc-right-3 twc-p-[10px] twc-cursor-pointer"><img class="twc-w-[20px] twc-h-[20px]" alt="" loading="lazy" src="//img1a.coupangcdn.com/image/productreview/web/pdp/article/search-btn_v1.png"></span></div></div><div class="list twc-mt-6 twc-divide-y-[1px]"><div class="twc-p-[30px] twc-text-center twc-text-[calc(var(--adjust-font-size)+12px)]">아직 문의가 없습니다.</div></div><div class="expand twc-mt-4 twc-flex twc-justify-center "></div><div class="report twc-flex twc-justify-between twc-items-center twc-mt-[30px] twc-py-[15px] twc-px-[13px] twc-bg-[#fafafa] twc-border"><p class="twc-text-[11px] twc-text-[#888] twc-pr-[16px]">판매 부적격 상품 또는 허위과장광고 및 지식재산권을 침해하는 상품의 경우 신고하여 주시기 바랍니다.</p><button class="twc-inline-flex twc-items-center twc-justify-center twc-whitespace-nowrap twc-ring-offset-background twc-transition-colors focus-visible:twc-outline-none focus-visible:twc-ring-1 focus-visible:twc-ring-ring disabled:twc-pointer-events-none disabled:twc-opacity-50 [&amp;_svg]:twc-pointer-events-none [&amp;_svg]:twc-size-6 [&amp;_svg]:twc-shrink-0 twc-border twc-rounded-[2px] twc-border-solid twc-bg-background twc-h-9 twc-px-3 twc-text-[11px] twc-p-0 twc-h-[25px] twc-w-[83px] twc-border-[#ccc]">신고하기</button></div></div></div><div data-value="etc" class="twc-scroll-mt-[49px]"><div class="product-btf-etc-container  twc-scroll-mt-[49px] twc-mt-[40px]" id="sdpEtc"><div><div id="prod-delivery-return-policy-3p"><h5 class="prod-delivery-return-policy-title">배송정보</h5><table class="prod-delivery-return-policy-table return-policy-3p"><tbody><tr><th>배송방법</th><td class="return-policy-delivery-method">신선/냉장/냉동</td><th rowspan="2">배송비</th><td rowspan="2"><span class="" translate="yes">무료배송<br>- 도서산간 지역 배송불가</span></td></tr><tr><th>배송사</th><td>로젠택배</td></tr><tr><th>묶음배송 여부</th><td>가능</td></tr></tbody></table><h5 class="prod-delivery-return-policy-title">교환/반품 안내</h5><ul class="prod-delivery-return-policy-legal-notice"><li>ㆍ교환/반품에 관한 일반적인 사항은 판매자가 제시사항보다 관계법령이 우선합니다.<br>다만, 판매자의 제시사항이 관계법령보다 소비자에게 유리한 경우에는 판매자 제시사항이 적용됩니다.</li></ul><table class="prod-delivery-return-policy-table"><tbody><tr><th>교환/반품 비용<br>(왕복비용)</th><td><span class="" translate="yes">8,000원<br>- 단, 고객 변심의 경우에만 발생<br>- 도서산간 지역 배송불가<br></span></td></tr><tr><th>교환/반품 신청 기준일</th><td><p>ㆍ단순변심에 의한 교환/반품은 제품 수령 후 7일 이내까지, 교환/반품 제한사항에 해당하지 않는 경우에만 가능 (배송비용과 교환/반품 비용 왕복배송비 고객부담)</p><p>ㆍ상품의 내용이 표시·광고의 내용과 다른 경우에는 상품을 수령한 날부터 3개월 이내, 그 사실을 안 날 또는 알 수 있었던 날부터<br><span class="prod-delivery-return-policy__limit-list__indent">30일 이내에 청약철회 가능</span></p></td></tr></tbody></table><h5 class="prod-delivery-return-policy-title">교환/반품 제한사항</h5><ul class="prod-delivery-return-policy__limit-list"><li>ㆍ주문/제작 상품의 경우, 상품의 제작이 이미 진행된 경우</li><li>ㆍ상품 포장을 개봉하여 사용 또는 설치 완료되어 상품의 가치가 훼손된 경우 (단, 내용 확인을 위한 포장 개봉의 경우는 예외)</li><li>ㆍ고객의 사용, 시간경과, 일부 소비에 의하여 상품의 가치가 현저히 감소한 경우</li><li>ㆍ세트상품 일부 사용, 구성품을 분실하였거나 취급 부주의로 인한 파손/고장/오염으로 재판매 불가한 경우</li><li>ㆍ모니터 해상도의 차이로 인해 색상이나 이미지가 실제와 달라, 고객이 단순 변심으로 교환/반품을 무료로 요청하는 경우</li><li>ㆍ제조사의 사정 (신모델 출시 등) 및 부품 가격 변동 등에 의해 무료 교환/반품으로 요청하는 경우</li></ul><p class="prod-delivery-return-policy__limit-text">※ 각 상품별로 아래와 같은 사유로 취소/반품이 제한될 수 있습니다.</p><table class="prod-delivery-return-policy-table"><tbody><tr><th>의류/잡화/수입명품</th><td><p>⋅ 상품의 택(TAG) 및 라벨의 멸실 또는 훼손, 상품의 사용 또는 훼손, 구성품 누락으로 상품의 가치가 현저히 감소된 경우</p></td></tr><tr><th>계절상품/식품/화장품</th><td><p>ㆍ신선/냉장/냉동 상품의 단순변심의 경우</p><p>ㆍ뷰티 상품 이용 시 트러블(알러지, 붉은 반점, 가려움, 따가움)이 발생하는 경우,<br><span class="prod-delivery-return-policy__limit-list__indent">진료 확인서 및 소견서 등을 증빙하면 환불이 가능 (제반비용 고객부담)</span></p></td></tr><tr><th>전자/가전/설치상품</th><td><p>ㆍ설치 또는 사용하여 재판매가 어려운 경우</p><p>ㆍ상품의 시리얼 넘버 유출로 내장된 소프트웨어의 가치가 감소한 경우 (내비게이션, OS시리얼이 적힌 PMP)</p><p>ㆍ홀로그램 등을 분리, 분실, 훼손하여 상품의 가치가 현저히 감소하여 재판매가 불가할 경우 (노트북, 데스크탑 PC 등)</p></td></tr><tr><th>자동차용품</th><td><p>ㆍ상품을 개봉하여 장착한 이후 단순변심인 경우</p></td></tr><tr><th>CD/DVD/GAME/<br>BOOK</th><td><span>ㆍ복제가 가능한 상품의 포장 등을 훼손한 경우</span></td></tr></tbody></table></div><div><div class="product-item__table product-seller"><p class="prod-delivery-return-policy-title">판매자 정보</p><table class="prod-delivery-return-policy-table"><tbody><tr><th><div>상호/대표자</div></th><td>밸류코드 주식회사 / 정진욱</td><th><div>사업장 소재지</div></th><td>경상북도 김천시 혁신로 185 메타폴리스 2층 232-50호(율곡동)</td></tr><tr><th><div>e-mail</div></th><td>myhistory0505@naver.com</td><th><div>연락처</div></th><td> 010-7928-1404</td></tr><tr><th><div>통신판매업 신고번호</div></th><td>2023-경북김천-0195</td><th><div>사업자번호</div></th><td>509-88-02916</td></tr><tr><th><div>구매안전 서비스</div></th><td colspan="3"><p>02-006-00042 <a href="http://www.fcsc.kr/B/fu_b_06.jsp" class="service-join__btn" target="_blank">서비스 가입사실 확인 &gt;</a></p><p class="escrow-policy">본 판매자는 고객님의 안전거래를 위해 관련 법률에 의거하여 쿠팡페이의 구매안전서비스를 적용하고 있습니다.</p></td></tr></tbody></table><p class="prod-minor-notice">미성년자가 체결한 계약은 법정대리인이 동의하지 않는 경우 본인 또는 법정대리인이 취소할 수 있습니다. 쿠팡은 통신판매중개자로서 통신판매의 당사자가 아니며, 광고,&nbsp;고시정보, 상품 주문, 배송 및 환불의 의무와 책임은 각 판매자에 있습니다.</p></div></div></div></div><div><div class="sc-item-list-widget"><div class="sc-widget-header"><h2 class="sc-widget__title">묶음배송 가능한 상품<a href="https://shop.coupang.com/vid/all-products/A00962419?source=brandstore_sdp_consolidate&amp;pid=9007354491&amp;viid=93375800911&amp;ocid=21741137&amp;tab=Y&amp;pushEvent=true&amp;title=%E2%80%83" class="sc-widget__see-more"> 전체보기 &gt;</a></h2><div class="sc-widget__page-counter"><span><em id="currentPageNum">1</em>/3</span></div></div><div class="sc-widget__list slide-container"><ul class="sc-widget-item-size-5"><li class="sc-widget__item slide-item " data-index="0"><a target="_blank" href="/vp/products/8913721755?itemId=26041570949&amp;vendorItemId=93272858485&amp;sourceType=brandstore_sdp_consolidate_reco" title="삼시세끼연구소 치아에 끼지않는 최상품 괴산 대학 찰 옥수수 찰옥수수, 1박스, 10개(최상)"><div class="sc-widget__item__image-wrap"><img class="sc-widget__item__image" alt="삼시세끼연구소 치아에 끼지않는 최상품 괴산 대학 찰 옥수수 찰옥수수, 1박스, 10개(최상)" loading="lazy" src="//thumbnail10.coupangcdn.com/thumbnails/remote/230x230ex/image/vendor_inventory/ab24/fed4d283df59ab6be8c05e703bd5e8ee19b0ee591e1cd58d8c78b89ddf4e.png"></div><strong class="sc-widget__item__title">삼시세끼연구소 치아에 끼지않는 최상품 괴산 대학 찰 옥수수 찰옥수수, 1박스, 10개(최상)</strong><span class="sc-widget__item__price">23,900원</span><div class="sc-widget__item__review"><span class="sc-widget__item__review-score-bg"><span class="sc-widget__item__review-score" style="width: 80%;"><em>80%</em></span></span><span class="sc-widget__item__review-count">(116)</span></div></a></li><li class="sc-widget__item slide-item " data-index="1"><a target="_blank" href="/vp/products/8852912946?itemId=25809607664&amp;vendorItemId=92796863631&amp;sourceType=brandstore_sdp_consolidate_reco" title="삼시세끼연구소 야들야들 최상품 어린 호박잎 호박잎쌈, 1세트, 400g"><div class="sc-widget__item__image-wrap"><img class="sc-widget__item__image" alt="삼시세끼연구소 야들야들 최상품 어린 호박잎 호박잎쌈, 1세트, 400g" loading="lazy" src="//thumbnail7.coupangcdn.com/thumbnails/remote/230x230ex/image/vendor_inventory/131d/ee1e38cf4897a7109ca238e1a2ae26e5bb460a3ce0473251618f784359dd.png"></div><strong class="sc-widget__item__title">삼시세끼연구소 야들야들 최상품 어린 호박잎 호박잎쌈, 1세트, 400g</strong><span class="sc-widget__item__price">18,790원</span><div class="sc-widget__item__review"><span class="sc-widget__item__review-score-bg"><span class="sc-widget__item__review-score" style="width: 100%;"><em>100%</em></span></span><span class="sc-widget__item__review-count">(25)</span></div></a></li><li class="sc-widget__item slide-item " data-index="2"><a target="_blank" href="/vp/products/9030117579?itemId=26487065998&amp;vendorItemId=93461981479&amp;sourceType=brandstore_sdp_consolidate_reco" title="삼시세끼연구소 달고탱탱 최상품 국산 흰다리 새우 생새우 횟감 활새우, 1세트, 500g"><div class="sc-widget__item__image-wrap"><img class="sc-widget__item__image" alt="삼시세끼연구소 달고탱탱 최상품 국산 흰다리 새우 생새우 횟감 활새우, 1세트, 500g" loading="lazy" src="//thumbnail6.coupangcdn.com/thumbnails/remote/230x230ex/image/vendor_inventory/093a/f252a669e6ab62886c0c5c09441ee41b9b6c5daadc6a8db6d1cf25b7ec59.png"></div><strong class="sc-widget__item__title">삼시세끼연구소 달고탱탱 최상품 국산 흰다리 새우 생새우 횟감 활새우, 1세트, 500g</strong><span class="sc-widget__item__price">19,900원</span><div class="sc-widget__item__review"><span class="sc-widget__item__review-score-bg"><span class="sc-widget__item__review-score" style="width: 100%;"><em>100%</em></span></span><span class="sc-widget__item__review-count">(16)</span></div></a></li><li class="sc-widget__item slide-item " data-index="3"><a target="_blank" href="/vp/products/8983148941?itemId=26303919238&amp;vendorItemId=93281598638&amp;sourceType=brandstore_sdp_consolidate_reco" title="삼시세끼연구소 치아에 끼지않는 최상품 강원도 찰옥수수 삶은 옥수수 찐옥수수, 1세트, 20개(최상)"><div class="sc-widget__item__image-wrap"><img class="sc-widget__item__image" alt="삼시세끼연구소 치아에 끼지않는 최상품 강원도 찰옥수수 삶은 옥수수 찐옥수수, 1세트, 20개(최상)" loading="lazy" src="//thumbnail6.coupangcdn.com/thumbnails/remote/230x230ex/image/vendor_inventory/9161/322ffe2fe639d2f78ed1e12a3fdc9b1d95f1c2fffb4ac517143d3eb5fda2.png"></div><strong class="sc-widget__item__title">삼시세끼연구소 치아에 끼지않는 최상품 강원도 찰옥수수 삶은 옥수수 찐옥수수, 1세트, 20개(최상)</strong><span class="sc-widget__item__price">39,880원</span><div class="sc-widget__item__review"><span class="sc-widget__item__review-score-bg"><span class="sc-widget__item__review-score" style="width: 100%;"><em>100%</em></span></span><span class="sc-widget__item__review-count">(20)</span></div></a></li><li class="sc-widget__item slide-item " data-index="4"><a target="_blank" href="/vp/products/8849857400?itemId=25797647483&amp;vendorItemId=92785309348&amp;sourceType=brandstore_sdp_consolidate_reco" title="삼시세끼연구소 침이 고이는 포항 냉동 산딸기 생과, 1세트, 250g"><div class="sc-widget__item__image-wrap"><img class="sc-widget__item__image" alt="삼시세끼연구소 침이 고이는 포항 냉동 산딸기 생과, 1세트, 250g" loading="lazy" src="//thumbnail10.coupangcdn.com/thumbnails/remote/230x230ex/image/vendor_inventory/c4a3/678d04c8aabb03db694cff71fa4866590e76d447a296e5156231097cb027.png"></div><strong class="sc-widget__item__title">삼시세끼연구소 침이 고이는 포항 냉동 산딸기 생과, 1세트, 250g</strong><span class="sc-widget__item__price">19,900원</span><div class="sc-widget__item__review"><span class="sc-widget__item__review-score-bg"><span class="sc-widget__item__review-score" style="width: 100%;"><em>100%</em></span></span><span class="sc-widget__item__review-count">(20)</span></div></a></li><li class="sc-widget__item slide-item hide-item" data-index="5"><a target="_blank" href="/vp/products/8946037053?itemId=26166528259&amp;vendorItemId=93146269447&amp;sourceType=brandstore_sdp_consolidate_reco" title="삼시세끼연구소 과즙폭발 껍질째 즐기는 도담 자두 왕자두 대왕자두, 1세트, 1kg(대)"><div class="sc-widget__item__image-wrap"><img class="sc-widget__item__image" alt="삼시세끼연구소 과즙폭발 껍질째 즐기는 도담 자두 왕자두 대왕자두, 1세트, 1kg(대)" loading="lazy" src="//thumbnail9.coupangcdn.com/thumbnails/remote/230x230ex/image/vendor_inventory/f4b6/a0be3092f3074be089f6a5d7e2ddafe1eab93028971469ceee0bed6b5200.png"></div><strong class="sc-widget__item__title">삼시세끼연구소 과즙폭발 껍질째 즐기는 도담 자두 왕자두 대왕자두, 1세트, 1kg(대)</strong><span class="sc-widget__item__price">24,900원</span><div class="sc-widget__item__review"><span class="sc-widget__item__review-score-bg"><span class="sc-widget__item__review-score" style="width: 80%;"><em>80%</em></span></span><span class="sc-widget__item__review-count">(32)</span></div></a></li><li class="sc-widget__item slide-item hide-item" data-index="6"><a target="_blank" href="/vp/products/8931453958?itemId=26109051397&amp;vendorItemId=93089638738&amp;sourceType=brandstore_sdp_consolidate_reco" title="삼시세끼연구소 껍질마저 달콤한 최상품 생 무화과 햇무화과, 1세트, 500g"><div class="sc-widget__item__image-wrap"><img class="sc-widget__item__image" alt="삼시세끼연구소 껍질마저 달콤한 최상품 생 무화과 햇무화과, 1세트, 500g" loading="lazy" src="//thumbnail9.coupangcdn.com/thumbnails/remote/230x230ex/image/vendor_inventory/3fd7/953cbfd796b6a059fccd10c73d0d76ac0e76777a98f3334cd117cd261b55.png"></div><strong class="sc-widget__item__title">삼시세끼연구소 껍질마저 달콤한 최상품 생 무화과 햇무화과, 1세트, 500g</strong><span class="sc-widget__item__price">19,000원</span><div class="sc-widget__item__review"><span class="sc-widget__item__review-score-bg"><span class="sc-widget__item__review-score" style="width: 100%;"><em>100%</em></span></span><span class="sc-widget__item__review-count">(22)</span></div></a></li><li class="sc-widget__item slide-item hide-item" data-index="7"><a target="_blank" href="/vp/products/9030242271?itemId=26487355212&amp;vendorItemId=93462268354&amp;sourceType=brandstore_sdp_consolidate_reco" title="삼시세끼연구소 아삭달큰 특품 히카마 감자 히까마 얌빈 슈퍼푸드, 1박스, 5kg"><div class="sc-widget__item__image-wrap"><img class="sc-widget__item__image" alt="삼시세끼연구소 아삭달큰 특품 히카마 감자 히까마 얌빈 슈퍼푸드, 1박스, 5kg" loading="lazy" src="//thumbnail10.coupangcdn.com/thumbnails/remote/230x230ex/image/vendor_inventory/b416/8a647bdfda70d4ee890bfaafdd1272c1597a21f27748f8e9a3d00a2b2fa0.png"></div><strong class="sc-widget__item__title">삼시세끼연구소 아삭달큰 특품 히카마 감자 히까마 얌빈 슈퍼푸드, 1박스, 5kg</strong><span class="sc-widget__item__price">24,900원</span><div class="sc-widget__item__review"><span class="sc-widget__item__review-score-bg"><span class="sc-widget__item__review-score" style="width: 100%;"><em>100%</em></span></span><span class="sc-widget__item__review-count">(16)</span></div></a></li><li class="sc-widget__item slide-item hide-item" data-index="8"><a target="_blank" href="/vp/products/8981001630?itemId=26294197995&amp;vendorItemId=93272071346&amp;sourceType=brandstore_sdp_consolidate_reco" title="삼시세끼연구소 껍질마저 향이진한 최상품 제주 청귤 풋귤, 1세트, 10kg"><div class="sc-widget__item__image-wrap"><img class="sc-widget__item__image" alt="삼시세끼연구소 껍질마저 향이진한 최상품 제주 청귤 풋귤, 1세트, 10kg" loading="lazy" src="//thumbnail10.coupangcdn.com/thumbnails/remote/230x230ex/image/vendor_inventory/image_audit/stage/manual/aa7ad83da49870cf8595b2b91f927855985bdf7f3cbf6fe5e5ff2adfc308_1754978222506.png"></div><strong class="sc-widget__item__title">삼시세끼연구소 껍질마저 향이진한 최상품 제주 청귤 풋귤, 1세트, 10kg</strong><span class="sc-widget__item__price">44,870원</span><div class="sc-widget__item__review"><span class="sc-widget__item__review-score-bg"><span class="sc-widget__item__review-score" style="width: 100%;"><em>100%</em></span></span><span class="sc-widget__item__review-count">(18)</span></div></a></li><li class="sc-widget__item slide-item hide-item" data-index="9"><a target="_blank" href="/vp/products/8918235967?itemId=26059346087&amp;vendorItemId=93040670971&amp;sourceType=brandstore_sdp_consolidate_reco" title="삼시세끼연구소 칼집 손질 더 탱탱한 여수 하모 샤브샤브 하모회 갯장어 밀키트, 1세트, 500g (손질전)"><div class="sc-widget__item__image-wrap"><img class="sc-widget__item__image" alt="삼시세끼연구소 칼집 손질 더 탱탱한 여수 하모 샤브샤브 하모회 갯장어 밀키트, 1세트, 500g (손질전)" loading="lazy" src="//thumbnail7.coupangcdn.com/thumbnails/remote/230x230ex/image/vendor_inventory/eab0/eb835a22ea8cf469ed0a203d65fea34da4ea3141e1a4a2bde77e648e65a3.png"></div><strong class="sc-widget__item__title">삼시세끼연구소 칼집 손질 더 탱탱한 여수 하모 샤브샤브 하모회 갯장어 밀키트, 1세트, 500g (손질전)</strong><span class="sc-widget__item__price">39,990원</span><div class="sc-widget__item__review"><span class="sc-widget__item__review-score-bg"><span class="sc-widget__item__review-score" style="width: 100%;"><em>100%</em></span></span><span class="sc-widget__item__review-count">(21)</span></div></a></li><li class="sc-widget__item slide-item hide-item" data-index="10"><a target="_blank" href="/vp/products/8943857860?itemId=26159290219&amp;vendorItemId=93139129062&amp;sourceType=brandstore_sdp_consolidate_reco" title="삼시세끼연구소 껍질째 먹는 당도검수 최상품 샤인머스캣 씨없는 포도, 1세트, 1kg(2수)"><div class="sc-widget__item__image-wrap"><img class="sc-widget__item__image" alt="삼시세끼연구소 껍질째 먹는 당도검수 최상품 샤인머스캣 씨없는 포도, 1세트, 1kg(2수)" loading="lazy" src="//thumbnail6.coupangcdn.com/thumbnails/remote/230x230ex/image/vendor_inventory/1b6d/ba1793054836dcfb3597612334ab77cea058fa4d19c935cea7261614067a.png"></div><strong class="sc-widget__item__title">삼시세끼연구소 껍질째 먹는 당도검수 최상품 샤인머스캣 씨없는 포도, 1세트, 1kg(2수)</strong><span class="sc-widget__item__price">24,100원</span><div class="sc-widget__item__review"><span class="sc-widget__item__review-score-bg"><span class="sc-widget__item__review-score" style="width: 100%;"><em>100%</em></span></span><span class="sc-widget__item__review-count">(20)</span></div></a></li></ul></div><a class="sc-widget__arrow-button slide-prev" title="이전 상품 보기">이전 상품 보기</a><a class="sc-widget__arrow-button slide-next" title="다음 상품 보기">다음 상품 보기</a></div></div><div class="also-bought twc-mb-[40px]"><h2 class="twc-font-[700] twc-text-[#212B36] twc-text-[18px] twc-pb-[20px] twc-pt-[40px] twc-leading-[21px]">다른 고객이 함께 구매한 상품</h2><div class="twc-group twc-w-[100%] twc-relative twc-overflow-hidden"><div class="twc-flex twc-transition-transform twc-duration-[.5s] twc-ease-in-out twc-w-[max-content] max-[600px]:twc-overflow-auto max-[600px]:twc-w-[100%] max-[600px]:twc-relative"><div class="also-bought-product"><a href="https://www.coupang.com/vp/products/8997303301?itemId=26362131261&amp;searchId=76afcf9630ea442590b9655ab8fcbc65&amp;vendorItemId=93372850998&amp;sourceType=SDP_BOUGHT_TOGETHER" target="_blank" title="지퍼스 숨쉬는 압축 이불 정리함 특대형 2개, 베이지"><img alt="지퍼스 숨쉬는 압축 이불 정리함 특대형 2개, 베이지" loading="lazy" width="144" height="144" decoding="async" data-nimg="1" class="also-bought-product-img" src="https://thumbnail.coupangcdn.com/thumbnails/remote/300x300ex/image/vendor_inventory/a674/22e93b2d27806d2fd5707075d0546c87dd40b19d1576ff2c4db1f20a4f35.jpg" style="color: transparent;"><strong class="twc-pt-[8px] twc-text-[12px] twc-text-[#111] twc-font-[400] twc-line-clamp-2 twc-overflow-hidden">지퍼스 숨쉬는 압축 이불 정리함 특대형 2개, 베이지</strong><div class="also-bought-price"><span class="price"><span class="twc-font-[700] twc-text-[14px]">20,490</span>원</span><img class="rl-item__badge" alt="badge" loading="lazy" src="https://image.coupangcdn.com/image/coupang/rds/logo/iphone_2x/logoRocketMerchantLargeV3R3@2x.png"><div class="rl-item__unit-price">(1개당 10,245원)</div><div class="rl-item__review"><span class="rl-item__review-score-bg"><span class="rl-item__review-score" style="width: 100%;"><em>100%</em></span></span><span class="rl-item__review-count">(58)</span></div></div></a></div><div class="also-bought-product"><a href="https://www.coupang.com/vp/products/9018648380?itemId=26440811299&amp;searchId=76afcf9630ea442590b9655ab8fcbc65&amp;vendorItemId=93416431253&amp;sourceType=SDP_BOUGHT_TOGETHER" target="_blank" title="피키너츠 견과류선물세트 세트 6번, 1세트"><img alt="피키너츠 견과류선물세트 세트 6번, 1세트" loading="lazy" width="144" height="144" decoding="async" data-nimg="1" class="also-bought-product-img" src="https://thumbnail.coupangcdn.com/thumbnails/remote/300x300ex/image/vendor_inventory/67db/2078e4341965900911313991e71d928d225dff79b81d9303d6623248ebfc.png" style="color: transparent;"><strong class="twc-pt-[8px] twc-text-[12px] twc-text-[#111] twc-font-[400] twc-line-clamp-2 twc-overflow-hidden">피키너츠 견과류선물세트 세트 6번, 1세트</strong><div class="also-bought-price"><span class="price"><span class="twc-font-[700] twc-text-[14px]">41,500</span>원</span><div class="rl-item__unit-price">(1세트당 41,500원)</div><div class="rl-item__review"><span class="rl-item__review-score-bg"><span class="rl-item__review-score" style="width: 100%;"><em>100%</em></span></span><span class="rl-item__review-count">(46)</span></div></div></a></div><div class="also-bought-product"><a href="https://www.coupang.com/vp/products/9010180405?itemId=26410471588&amp;searchId=76afcf9630ea442590b9655ab8fcbc65&amp;vendorItemId=93231934774&amp;sourceType=SDP_BOUGHT_TOGETHER" target="_blank" title="BELLE 테이핑 발목 보호대 좌우 세트 2pcs, Black, 2개"><img alt="BELLE 테이핑 발목 보호대 좌우 세트 2pcs, Black, 2개" loading="lazy" width="144" height="144" decoding="async" data-nimg="1" class="also-bought-product-img" src="https://thumbnail.coupangcdn.com/thumbnails/remote/300x300ex/image/vendor_inventory/7c53/406e7beb10a94e33eb61e16d6634fec842a5a9472d7a2c6ab6456634ffc1.png" style="color: transparent;"><strong class="twc-pt-[8px] twc-text-[12px] twc-text-[#111] twc-font-[400] twc-line-clamp-2 twc-overflow-hidden">BELLE 테이핑 발목 보호대 좌우 세트 2pcs, Black, 2개</strong><div class="also-bought-price"><span class="price"><span class="twc-font-[700] twc-text-[14px]">6,600</span>원</span><img class="rl-item__badge" alt="badge" loading="lazy" src="https://image.coupangcdn.com/image/coupang/rds/logo/iphone_2x/logoRocketMerchantLargeV3R3@2x.png"><div class="rl-item__unit-price">(1개당 3,300원)</div><div class="rl-item__review"><span class="rl-item__review-score-bg"><span class="rl-item__review-score" style="width: 100%;"><em>100%</em></span></span><span class="rl-item__review-count">(68)</span></div></div></a></div><div class="also-bought-product"><a href="https://www.coupang.com/vp/products/8992490867?itemId=26343218845&amp;searchId=76afcf9630ea442590b9655ab8fcbc65&amp;vendorItemId=93412168672&amp;sourceType=SDP_BOUGHT_TOGETHER" target="_blank" title="오늘에장바구니 하루 한개 아침에 향긋한 홍로 사과, 1박스, 가정용 소과 4kg"><img alt="오늘에장바구니 하루 한개 아침에 향긋한 홍로 사과, 1박스, 가정용 소과 4kg" loading="lazy" width="144" height="144" decoding="async" data-nimg="1" class="also-bought-product-img" src="https://thumbnail.coupangcdn.com/thumbnails/remote/300x300ex/image/vendor_inventory/e33c/4b49eacd1ac28adc01c1cdd77c123f1a7f8b81fd273edc4f240d2cd13f46.jpg" style="color: transparent;"><strong class="twc-pt-[8px] twc-text-[12px] twc-text-[#111] twc-font-[400] twc-line-clamp-2 twc-overflow-hidden">오늘에장바구니 하루 한개 아침에 향긋한 홍로 사과, 1박스, 가정용 소과 4kg</strong><div class="also-bought-price"><span class="price"><span class="twc-font-[700] twc-text-[14px]">24,000</span>원</span><div class="rl-item__unit-price">(100g당 600원)</div><div class="rl-item__review"><span class="rl-item__review-score-bg"><span class="rl-item__review-score" style="width: 80%;"><em>80%</em></span></span><span class="rl-item__review-count">(41)</span></div></div></a></div><div class="also-bought-product"><a href="https://www.coupang.com/vp/products/9030280435?itemId=26487511671&amp;searchId=76afcf9630ea442590b9655ab8fcbc65&amp;vendorItemId=93462423081&amp;sourceType=SDP_BOUGHT_TOGETHER" target="_blank" title="삼시세끼연구소 과즙폭발 나주배 뛰어넘는 충북 원황배 25년 햇배 가정용, 1박스, 3kg(소)"><img alt="삼시세끼연구소 과즙폭발 나주배 뛰어넘는 충북 원황배 25년 햇배 가정용, 1박스, 3kg(소)" loading="lazy" width="144" height="144" decoding="async" data-nimg="1" class="also-bought-product-img" src="https://thumbnail.coupangcdn.com/thumbnails/remote/300x300ex/image/vendor_inventory/31ac/08ef65cff2419994ce6e6de1cf3d6e96f3fd51d7b61dcd841892fdb12a7c.png" style="color: transparent;"><strong class="twc-pt-[8px] twc-text-[12px] twc-text-[#111] twc-font-[400] twc-line-clamp-2 twc-overflow-hidden">삼시세끼연구소 과즙폭발 나주배 뛰어넘는 충북 원황배 25년 햇배 가정용, 1박스, 3kg(소)</strong><div class="also-bought-price"><span class="price"><span class="twc-font-[700] twc-text-[14px]">19,900</span>원</span><div class="rl-item__unit-price">(100g당 663원)</div><div class="rl-item__review"><span class="rl-item__review-score-bg"><span class="rl-item__review-score" style="width: 100%;"><em>100%</em></span></span><span class="rl-item__review-count">(19)</span></div></div></a></div><div class="also-bought-product"><a href="https://www.coupang.com/vp/products/8992136266?itemId=26341473817&amp;searchId=76afcf9630ea442590b9655ab8fcbc65&amp;vendorItemId=93318542127&amp;sourceType=SDP_BOUGHT_TOGETHER" target="_blank" title="특품선별 황도 고당도품종 엘바트 햇수확직송, 1개, 3kg 중과 (12~16과)"><img alt="특품선별 황도 고당도품종 엘바트 햇수확직송, 1개, 3kg 중과 (12~16과)" loading="lazy" width="144" height="144" decoding="async" data-nimg="1" class="also-bought-product-img" src="https://thumbnail.coupangcdn.com/thumbnails/remote/300x300ex/image/vendor_inventory/image_audit/stage/manual/d583fde96b231c6c342de2aadc34ff2dfbcf40734fcfde360c4920d7a4f5_1756102234063.png" style="color: transparent;"><strong class="twc-pt-[8px] twc-text-[12px] twc-text-[#111] twc-font-[400] twc-line-clamp-2 twc-overflow-hidden">특품선별 황도 고당도품종 엘바트 햇수확직송, 1개, 3kg 중과 (12~16과)</strong><div class="also-bought-price"><span class="price"><span class="twc-font-[700] twc-text-[14px]">29,500</span>원</span><div class="rl-item__unit-price">(100g당 983원)</div><div class="rl-item__review"><span class="rl-item__review-score-bg"><span class="rl-item__review-score" style="width: 70%;"><em>70%</em></span></span><span class="rl-item__review-count">(145)</span></div></div></a></div><div class="also-bought-product"><a href="https://www.coupang.com/vp/products/9019729199?itemId=26446357565&amp;searchId=76afcf9630ea442590b9655ab8fcbc65&amp;vendorItemId=93421874647&amp;sourceType=SDP_BOUGHT_TOGETHER" target="_blank" title="[첫출하특가] 고당도폭발 햇 아리수사과 꿀사과, 1박스, 1kg"><img alt="[첫출하특가] 고당도폭발 햇 아리수사과 꿀사과, 1박스, 1kg" loading="lazy" width="144" height="144" decoding="async" data-nimg="1" class="also-bought-product-img" src="https://thumbnail.coupangcdn.com/thumbnails/remote/300x300ex/image/vendor_inventory/56a3/19af778ef6559d7636adbaaaa8915087a824016aed213164b51dfb626455.jpg" style="color: transparent;"><strong class="twc-pt-[8px] twc-text-[12px] twc-text-[#111] twc-font-[400] twc-line-clamp-2 twc-overflow-hidden">[첫출하특가] 고당도폭발 햇 아리수사과 꿀사과, 1박스, 1kg</strong><div class="also-bought-price"><span class="price"><span class="twc-font-[700] twc-text-[14px]">10,800</span>원</span><div class="rl-item__unit-price">(100g당 1,080원)</div><div class="rl-item__review"><span class="rl-item__review-score-bg"><span class="rl-item__review-score" style="width: 100%;"><em>100%</em></span></span><span class="rl-item__review-count">(19)</span></div></div></a></div><div class="also-bought-product"><a href="https://www.coupang.com/vp/products/9030242271?itemId=26487355212&amp;searchId=76afcf9630ea442590b9655ab8fcbc65&amp;vendorItemId=93462268354&amp;sourceType=SDP_BOUGHT_TOGETHER" target="_blank" title="삼시세끼연구소 아삭달큰 특품 히카마 감자 히까마 얌빈 슈퍼푸드, 1박스, 5kg"><img alt="삼시세끼연구소 아삭달큰 특품 히카마 감자 히까마 얌빈 슈퍼푸드, 1박스, 5kg" loading="lazy" width="144" height="144" decoding="async" data-nimg="1" class="also-bought-product-img" src="https://thumbnail.coupangcdn.com/thumbnails/remote/300x300ex/image/vendor_inventory/b416/8a647bdfda70d4ee890bfaafdd1272c1597a21f27748f8e9a3d00a2b2fa0.png" style="color: transparent;"><strong class="twc-pt-[8px] twc-text-[12px] twc-text-[#111] twc-font-[400] twc-line-clamp-2 twc-overflow-hidden">삼시세끼연구소 아삭달큰 특품 히카마 감자 히까마 얌빈 슈퍼푸드, 1박스, 5kg</strong><div class="also-bought-price"><span class="price"><span class="twc-font-[700] twc-text-[14px]">24,900</span>원</span><div class="rl-item__unit-price">(100g당 498원)</div><div class="rl-item__review"><span class="rl-item__review-score-bg"><span class="rl-item__review-score" style="width: 100%;"><em>100%</em></span></span><span class="rl-item__review-count">(16)</span></div></div></a></div><div class="also-bought-product"><a href="https://www.coupang.com/vp/products/9002103630?itemId=26378140286&amp;searchId=76afcf9630ea442590b9655ab8fcbc65&amp;vendorItemId=93354684053&amp;sourceType=SDP_BOUGHT_TOGETHER" target="_blank" title="[정품]25년 첫수확 품질최고 인증 특품 홍로사과 경북사과 제철과일, 1박스, 소꼬마과 (14-16과) 2kg"><img alt="[정품]25년 첫수확 품질최고 인증 특품 홍로사과 경북사과 제철과일, 1박스, 소꼬마과 (14-16과) 2kg" loading="lazy" width="144" height="144" decoding="async" data-nimg="1" class="also-bought-product-img" src="https://thumbnail.coupangcdn.com/thumbnails/remote/300x300ex/image/vendor_inventory/0512/509989682f0120bbd6e21b0f392002e35d25eb5abc3fbde2b31b3264ea45.jpg" style="color: transparent;"><strong class="twc-pt-[8px] twc-text-[12px] twc-text-[#111] twc-font-[400] twc-line-clamp-2 twc-overflow-hidden">[정품]25년 첫수확 품질최고 인증 특품 홍로사과 경북사과 제철과일, 1박스, 소꼬마과 (14-16과) 2kg</strong><div class="also-bought-price"><span class="price"><span class="twc-font-[700] twc-text-[14px]">20,900</span>원</span><div class="rl-item__unit-price">(100g당 1,045원)</div><div class="rl-item__review"><span class="rl-item__review-score-bg"><span class="rl-item__review-score" style="width: 100%;"><em>100%</em></span></span><span class="rl-item__review-count">(26)</span></div></div></a></div><div class="also-bought-product"><a href="https://www.coupang.com/vp/products/9019845475?itemId=26446948446&amp;searchId=76afcf9630ea442590b9655ab8fcbc65&amp;vendorItemId=93422461777&amp;sourceType=SDP_BOUGHT_TOGETHER" target="_blank" title="[25년첫수확특가]달콤아삭 아리수사과 가정용 국내산, 1박스, 2KG(S-M)"><img alt="[25년첫수확특가]달콤아삭 아리수사과 가정용 국내산, 1박스, 2KG(S-M)" loading="lazy" width="144" height="144" decoding="async" data-nimg="1" class="also-bought-product-img" src="https://thumbnail.coupangcdn.com/thumbnails/remote/300x300ex/image/vendor_inventory/image_audit/stage/manual/51a38da149ff7f03c8d167783f124b16d97e9c4cb79024dd08939b59a41b_1756949854695.png" style="color: transparent;"><strong class="twc-pt-[8px] twc-text-[12px] twc-text-[#111] twc-font-[400] twc-line-clamp-2 twc-overflow-hidden">[25년첫수확특가]달콤아삭 아리수사과 가정용 국내산, 1박스, 2KG(S-M)</strong><div class="also-bought-price"><span class="price"><span class="twc-font-[700] twc-text-[14px]">20,710</span>원</span><div class="rl-item__unit-price">(100g당 1,036원)</div><div class="rl-item__review"><span class="rl-item__review-score-bg"><span class="rl-item__review-score" style="width: 100%;"><em>100%</em></span></span><span class="rl-item__review-count">(18)</span></div></div></a></div><div class="also-bought-product"><a href="https://www.coupang.com/vp/products/9016797353?itemId=26435556616&amp;searchId=76afcf9630ea442590b9655ab8fcbc65&amp;vendorItemId=93411248882&amp;sourceType=SDP_BOUGHT_TOGETHER" target="_blank" title="[시즌한정특가] 2차선별 국내산 햇 사과대추 당도보장, 1박스, 사과대추(상)500g"><img alt="[시즌한정특가] 2차선별 국내산 햇 사과대추 당도보장, 1박스, 사과대추(상)500g" loading="lazy" width="144" height="144" decoding="async" data-nimg="1" class="also-bought-product-img" src="https://thumbnail.coupangcdn.com/thumbnails/remote/300x300ex/image/vendor_inventory/3938/1270ba207df2edafc1bf11ab8be3ae7eb0e2637e4554c7bae1d643b7d37c.png" style="color: transparent;"><strong class="twc-pt-[8px] twc-text-[12px] twc-text-[#111] twc-font-[400] twc-line-clamp-2 twc-overflow-hidden">[시즌한정특가] 2차선별 국내산 햇 사과대추 당도보장, 1박스, 사과대추(상)500g</strong><div class="also-bought-price"><span class="price"><span class="twc-font-[700] twc-text-[14px]">18,400</span>원</span><div class="rl-item__unit-price">(100g당 3,680원)</div><div class="rl-item__review"><span class="rl-item__review-score-bg"><span class="rl-item__review-score" style="width: 100%;"><em>100%</em></span></span><span class="rl-item__review-count">(42)</span></div></div></a></div><div class="also-bought-product"><a href="https://www.coupang.com/vp/products/8997835793?itemId=26393631368&amp;searchId=76afcf9630ea442590b9655ab8fcbc65&amp;vendorItemId=93341348293&amp;sourceType=SDP_BOUGHT_TOGETHER" target="_blank" title="일양약품 리포좀 마그네슘 골드 - 체내 흡수율을 위함 리포좀 제형공법, 1개, 60정"><img alt="일양약품 리포좀 마그네슘 골드 - 체내 흡수율을 위함 리포좀 제형공법, 1개, 60정" loading="lazy" width="144" height="144" decoding="async" data-nimg="1" class="also-bought-product-img" src="https://thumbnail.coupangcdn.com/thumbnails/remote/300x300ex/image/vendor_inventory/4511/845fead183b1ebb4a729861959fc3fd84c54e6434d48f3f405f17ff38964.jpg" style="color: transparent;"><strong class="twc-pt-[8px] twc-text-[12px] twc-text-[#111] twc-font-[400] twc-line-clamp-2 twc-overflow-hidden">일양약품 리포좀 마그네슘 골드 - 체내 흡수율을 위함 리포좀 제형공법, 1개, 60정</strong><div class="also-bought-price"><span class="price"><span class="twc-font-[700] twc-text-[14px]">14,810</span>원</span><img class="rl-item__badge" alt="badge" loading="lazy" src="https://image.coupangcdn.com/image/coupang/rds/logo/iphone_2x/logoRocketMerchantLargeV3R3@2x.png"><div class="rl-item__unit-price">(1정당 247원)</div><div class="rl-item__review"><span class="rl-item__review-score-bg"><span class="rl-item__review-score" style="width: 100%;"><em>100%</em></span></span><span class="rl-item__review-count">(144)</span></div></div></a></div><div class="also-bought-product"><a href="https://www.coupang.com/vp/products/8950386583?itemId=26180446754&amp;searchId=76afcf9630ea442590b9655ab8fcbc65&amp;vendorItemId=93170072148&amp;sourceType=SDP_BOUGHT_TOGETHER" target="_blank" title="파미젠 프리미엄 사과초모식초 애플사이다비니거 1000mg 120정 다이어트보조제, 1개, 120회분"><img alt="파미젠 프리미엄 사과초모식초 애플사이다비니거 1000mg 120정 다이어트보조제, 1개, 120회분" loading="lazy" width="144" height="144" decoding="async" data-nimg="1" class="also-bought-product-img" src="https://thumbnail.coupangcdn.com/thumbnails/remote/300x300ex/image/vendor_inventory/73a4/3b0752770bb276cbcc8e7307732af54f5b22bb256eb71a52736d5722af42.jpg" style="color: transparent;"><strong class="twc-pt-[8px] twc-text-[12px] twc-text-[#111] twc-font-[400] twc-line-clamp-2 twc-overflow-hidden">파미젠 프리미엄 사과초모식초 애플사이다비니거 1000mg 120정 다이어트보조제, 1개, 120회분</strong><div class="also-bought-price"><span class="price"><span class="twc-font-[700] twc-text-[14px]">17,700</span>원</span><img class="rl-item__badge" alt="badge" loading="lazy" src="https://image.coupangcdn.com/image/coupang/rds/logo/iphone_2x/logoRocketMerchantLargeV3R3@2x.png"><div class="rl-item__unit-price">(1정당 148원)</div><div class="rl-item__review"><span class="rl-item__review-score-bg"><span class="rl-item__review-score" style="width: 100%;"><em>100%</em></span></span><span class="rl-item__review-count">(297)</span></div></div></a></div><div class="also-bought-product"><a href="https://www.coupang.com/vp/products/9016615709?itemId=26434553500&amp;searchId=76afcf9630ea442590b9655ab8fcbc65&amp;vendorItemId=93410260558&amp;sourceType=SDP_BOUGHT_TOGETHER" target="_blank" title="그린오븐 수제 병아리콩 정과 오븐에 구운 병아리콩 다이어트 간식, 1개, 125g"><img alt="그린오븐 수제 병아리콩 정과 오븐에 구운 병아리콩 다이어트 간식, 1개, 125g" loading="lazy" width="144" height="144" decoding="async" data-nimg="1" class="also-bought-product-img" src="https://thumbnail.coupangcdn.com/thumbnails/remote/300x300ex/image/vendor_inventory/32e3/e111aa401ffabf6b40435bc579b1e3001de4fac634e9addd407d722c75b9.png" style="color: transparent;"><strong class="twc-pt-[8px] twc-text-[12px] twc-text-[#111] twc-font-[400] twc-line-clamp-2 twc-overflow-hidden">그린오븐 수제 병아리콩 정과 오븐에 구운 병아리콩 다이어트 간식, 1개, 125g</strong><div class="also-bought-price"><span class="price"><span class="twc-font-[700] twc-text-[14px]">10,900</span>원</span><div class="rl-item__unit-price">(10g당 872원)</div><div class="rl-item__review"><span class="rl-item__review-score-bg"><span class="rl-item__review-score" style="width: 100%;"><em>100%</em></span></span><span class="rl-item__review-count">(34)</span></div></div></a></div><div class="also-bought-product"><a href="https://www.coupang.com/vp/products/8586758705?itemId=24893684056&amp;searchId=76afcf9630ea442590b9655ab8fcbc65&amp;vendorItemId=92764684334&amp;sourceType=SDP_BOUGHT_TOGETHER" target="_blank" title="수뜰리에 독일더마 고보습 버블 핸드워시 블랑쉬, 510ml, 2개"><img alt="수뜰리에 독일더마 고보습 버블 핸드워시 블랑쉬, 510ml, 2개" loading="lazy" width="144" height="144" decoding="async" data-nimg="1" class="also-bought-product-img" src="https://thumbnail.coupangcdn.com/thumbnails/remote/300x300ex/image/vendor_inventory/accb/48d8e70b55f7e981b51fae33249ce147f880b53dd2f6218e95943c226f2b.jpg" style="color: transparent;"><strong class="twc-pt-[8px] twc-text-[12px] twc-text-[#111] twc-font-[400] twc-line-clamp-2 twc-overflow-hidden">수뜰리에 독일더마 고보습 버블 핸드워시 블랑쉬, 510ml, 2개</strong><div class="also-bought-price"><span class="price"><span class="twc-font-[700] twc-text-[14px]">9,830</span>원</span><img class="rl-item__badge" alt="badge" loading="lazy" src="https://image.coupangcdn.com/image/coupang/rds/logo/iphone_2x/logoRocketMerchantLargeV3R3@2x.png"><div class="rl-item__unit-price">(100ml당 964원)</div><div class="rl-item__review"><span class="rl-item__review-score-bg"><span class="rl-item__review-score" style="width: 100%;"><em>100%</em></span></span><span class="rl-item__review-count">(282)</span></div></div></a></div></div><div class="twc-z-[9999999] twc-absolute twc-cursor-pointer twc-invisible group-hover:twc-visible twc-top-1/2 twc-translate-y-[-28px] twc-w-[40px] twc-h-[56px] twc-border-[1px] twc-border-[#eee] twc-border-solid twc-indent-[-9999px] twc-bg-[url('//img1a.coupangcdn.com/image/dragonstone/sdp/PCSDP_imageasset_171215-min.png')] twc-bg-no-repeat twc-right-0 twc-bg-[-223px_-265px] hover:twc-bg-[-319px_-265px] max-[600px]:twc-hidden"></div></div></div><div id="brandOtherProducts" class="brandOtherProducts"><div id="brandshop" class="brand-other-products"><h4 class="brandshop-title">삼시세끼연구소의&nbsp;다른 상품들</h4><div id="brandshopContent" class="brandshop-content twc-pb-[40px]"><div class="recommend-item"><a href="/vp/products/8405844671?itemId=24301534269&amp;vendorItemId=91327939004&amp;sourceType=SDP_BRANDSHOP_RECOMMENDATION" title="[게좋은날] 살이 단단한 냉동 꽃게 햇 급냉 숫꽃게 비린내 없는 최상품, 1세트, 2kg(4~6미)"><img alt="삼시세끼연구소" loading="lazy" width="160" height="160" decoding="async" data-nimg="1" class="recommend-item__image" src="https://thumbnail.coupangcdn.com/thumbnails/remote/292x292q65ex/image/vendor_inventory/d8f8/e2a6fb5ed3a3498d4e10b7f9f9310dc3c46c1f3aa56e9e71c98a4f8e0489.png" style="color: transparent;"><div class="recommend-item__title twc-mt-[8px] twc-text-[12px]/[1.2] twc-text-[#111]">[게좋은날] 살이 단단한 냉동 꽃게 햇 급냉 숫꽃게 비린내 없는 최상품, 1세트, 2kg(4~6미)</div><div class="recommend-item__price-container"><span class="recommend-item__price">70,680원</span></div><div class="product-review"><span class="rating-star-container" style="float: left;"><span class="rating-star-num" style="width: 90%;"></span></span><span class="count">(<em>5</em>)</span></div></a></div><div class="recommend-item"><a href="/vp/products/8405844671?itemId=24301534268&amp;vendorItemId=91327939020&amp;sourceType=SDP_BRANDSHOP_RECOMMENDATION" title="[게좋은날] 살이 단단한 냉동 꽃게 햇 급냉 숫꽃게 비린내 없는 최상품, 1세트, 2kg(6~8미)"><img alt="삼시세끼연구소" loading="lazy" width="160" height="160" decoding="async" data-nimg="1" class="recommend-item__image" src="https://thumbnail.coupangcdn.com/thumbnails/remote/292x292q65ex/image/vendor_inventory/d8f8/e2a6fb5ed3a3498d4e10b7f9f9310dc3c46c1f3aa56e9e71c98a4f8e0489.png" style="color: transparent;"><div class="recommend-item__title twc-mt-[8px] twc-text-[12px]/[1.2] twc-text-[#111]">[게좋은날] 살이 단단한 냉동 꽃게 햇 급냉 숫꽃게 비린내 없는 최상품, 1세트, 2kg(6~8미)</div><div class="recommend-item__price-container"><span class="recommend-item__price">64,680원</span></div><div class="product-review"><span class="rating-star-container" style="float: left;"><span class="rating-star-num" style="width: 90%;"></span></span><span class="count">(<em>5</em>)</span></div></a></div><div class="recommend-item"><a href="/vp/products/8405844671?itemId=24301534265&amp;vendorItemId=91327939046&amp;sourceType=SDP_BRANDSHOP_RECOMMENDATION" title="[게좋은날] 살이 단단한 냉동 꽃게 햇 급냉 숫꽃게 비린내 없는 최상품, 1세트, 1kg(4~6미)"><img alt="삼시세끼연구소" loading="lazy" width="160" height="160" decoding="async" data-nimg="1" class="recommend-item__image" src="https://thumbnail.coupangcdn.com/thumbnails/remote/292x292q65ex/image/vendor_inventory/d8f8/e2a6fb5ed3a3498d4e10b7f9f9310dc3c46c1f3aa56e9e71c98a4f8e0489.png" style="color: transparent;"><div class="recommend-item__title twc-mt-[8px] twc-text-[12px]/[1.2] twc-text-[#111]">[게좋은날] 살이 단단한 냉동 꽃게 햇 급냉 숫꽃게 비린내 없는 최상품, 1세트, 1kg(4~6미)</div><div class="recommend-item__price-container"><span class="recommend-item__price">29,890원</span></div><div class="product-review"><span class="rating-star-container" style="float: left;"><span class="rating-star-num" style="width: 90%;"></span></span><span class="count">(<em>5</em>)</span></div></a></div><div class="recommend-item"><a href="/vp/products/8405844671?itemId=24301534275&amp;vendorItemId=91327939027&amp;sourceType=SDP_BRANDSHOP_RECOMMENDATION" title="[게좋은날] 살이 단단한 냉동 꽃게 햇 급냉 숫꽃게 비린내 없는 최상품, 1세트, 4kg(16~24미)"><img alt="삼시세끼연구소" loading="lazy" width="160" height="160" decoding="async" data-nimg="1" class="recommend-item__image" src="https://thumbnail.coupangcdn.com/thumbnails/remote/292x292q65ex/image/vendor_inventory/d8f8/e2a6fb5ed3a3498d4e10b7f9f9310dc3c46c1f3aa56e9e71c98a4f8e0489.png" style="color: transparent;"><div class="recommend-item__title twc-mt-[8px] twc-text-[12px]/[1.2] twc-text-[#111]">[게좋은날] 살이 단단한 냉동 꽃게 햇 급냉 숫꽃게 비린내 없는 최상품, 1세트, 4kg(16~24미)</div><div class="recommend-item__price-container"><span class="recommend-item__price">119,880원</span></div><div class="product-review"><span class="rating-star-container" style="float: left;"><span class="rating-star-num" style="width: 90%;"></span></span><span class="count">(<em>5</em>)</span></div></a></div><div class="brandshop-info impression-log"><div class="brandshop-info-wrapper"><a href="/np/products/brand-shop?brandName=%EC%82%BC%EC%8B%9C%EC%84%B8%EB%81%BC%EC%97%B0%EA%B5%AC%EC%86%8C" id="brandshop-link"><div class="brandshop-info__image"><img alt="삼시세끼연구소" loading="lazy" width="140" height="140" decoding="async" data-nimg="1" class="recommend-item__image" src="//image.coupangcdn.com/image/brandLogo/brandLogo_bbedc604-ead4-4dbb-84bf-e074b415b6f7.jpg" style="color: transparent;"></div><div class="brandshop-info__title">같은 브랜드 상품을 한곳에서 모아볼 수 있어요!</div><div class="branshop-info__total twc-text-[12px]">총 <span class="brandshop-info__total--txt">287</span>개</div><span class="brand-shop-info__more">브랜드샵 구경할까요?</span></a></div></div></div></div></div><div class="sdp-ads impression-log twc-mb-[40px] "><div class="recommendation"><div class="recommendation-header twc-relative"><div class="recommendation-header__title"> 연관 추천 상품 </div><span class="recommendation-header__description"><span class="twc-mt-[3px]"> 광고 </span><span class="question-mark twc-opacity-50 hover:twc-opacity-80 twc-inline-block twc-cursor-pointer  twc-ml-[4px]" style="width: 14px; height: 14px;"><svg xmlns="http://www.w3.org/2000/svg" width="14" height="14" viewBox="0 0 14 15" fill="none"><path fill-rule="evenodd" clip-rule="evenodd" d="M0 7.5C0 3.63401 3.13402 0.5 7 0.5C10.866 0.5 14 3.634 14 7.5C14 11.366 10.866 14.5 7 14.5C3.13402 14.5 0 11.366 0 7.5ZM12.8327 7.49984C12.8327 4.27817 10.221 1.6665 6.99935 1.6665C3.7777 1.6665 1.16602 4.27818 1.16602 7.49984C1.16602 10.7215 3.7777 13.3332 6.99935 13.3332C10.221 13.3332 12.8327 10.7215 12.8327 7.49984ZM5.97852 4.14583C5.97852 3.58204 6.43556 3.125 6.99935 3.125C7.56314 3.125 8.02018 3.58204 8.02018 4.14583C8.02018 4.70962 7.56314 5.16667 6.99935 5.16667C6.43556 5.16667 5.97852 4.70962 5.97852 4.14583ZM7.88467 7.12423C7.84227 6.68051 7.46849 6.3335 7.01367 6.3335C6.53042 6.3335 6.13867 6.72525 6.13867 7.2085V11.0002L6.14268 11.0844C6.18508 11.5281 6.55885 11.8752 7.01367 11.8752C7.49692 11.8752 7.88867 11.4834 7.88867 11.0002V7.2085L7.88467 7.12423Z" fill="#000"></path></svg></span></span><span class="recommendation-header__description-icon-tooltip twc-hidden">쿠팡으로부터 광고 서비스를 구매한 제휴업체의 판매상품입니다.</span></div><div class="ui-recommendation-list"><div class="rl-list"><ul class="carousel-list"><li class="rl-item hps-scroll-item"><a target="_blank" href="/vp/products/9009973898?itemId=26409414386&amp;searchId=334f2adbff40415a9d507e00e7591b91&amp;vendorItemId=93385491179&amp;sourceType=SDP_BOTTOM_ADS&amp;clickEventId=db4a7b60-8e1e-11f0-ba98-f2ab39e09c61" data-adsplatform="{&quot;viewImpression&quot;:&quot;https://mercury.coupang.com/e.gif?r=db4a7b60-8e1e-11f0-ba98-f2ab39e09c61%7E2&quot;,&quot;impressionLogUri&quot;:&quot;https://mercury.coupang.com/e.gif?r=db4a7b60-8e1e-11f0-ba98-f2ab39e09c61%7E1&quot;,&quot;eventId&quot;:&quot;db4a7b60-8e1e-11f0-ba98-f2ab39e09c61&quot;,&quot;clickLogUri&quot;:&quot;https://mercury.coupang.com/e.gif?r=db4a7b60-8e1e-11f0-ba98-f2ab39e09c61%7E3&quot;}" class="impression-logged"><div class="rl-item__image-wrap"><img class="rl-item__image" alt="" src="//thumbnail.coupangcdn.com/thumbnails/remote/300x300ex/image/vendor_inventory/3664/c64f54c61ca607646f0dd0a1e51be81c42e5bb0095a5ca1447b9b62d75fa.png"></div><strong class="rl-item__title">[신선직송] 담백살 가득 A급 활 숫꽃게, 1개, 1kg(3-5미)</strong><div class="clearFix twc-flex twc-items-center"><span class="rl-item__price twc-mr-[4px]"><em> 24,900원 </em></span></div><div class="rl-item__unit-price">(100g당 2,490원)</div><div class="rl-item__review"><span class="rl-item__review-score-bg"><span class="rl-item__review-score" style="width: 80%;"><em>80%</em></span></span><span class="rl-item__review-count">(5)</span></div></a></li><li class="rl-item hps-scroll-item"><a target="_blank" href="/vp/products/9012493396?itemId=26459030976&amp;searchId=334f2adbff40415a9d507e00e7591b91&amp;vendorItemId=90978495204&amp;sourceType=SDP_BOTTOM_ADS&amp;clickEventId=db4aa270-8e1e-11f0-8509-4fd23afeee05" data-adsplatform="{&quot;viewImpression&quot;:&quot;https://mercury.coupang.com/e.gif?r=db4aa270-8e1e-11f0-8509-4fd23afeee05%7E2&quot;,&quot;impressionLogUri&quot;:&quot;https://mercury.coupang.com/e.gif?r=db4aa270-8e1e-11f0-8509-4fd23afeee05%7E1&quot;,&quot;eventId&quot;:&quot;db4aa270-8e1e-11f0-8509-4fd23afeee05&quot;,&quot;clickLogUri&quot;:&quot;https://mercury.coupang.com/e.gif?r=db4aa270-8e1e-11f0-8509-4fd23afeee05%7E3&quot;}" class="impression-logged"><div class="rl-item__image-wrap"><img class="rl-item__image" alt="" src="//thumbnail.coupangcdn.com/thumbnails/remote/300x300ex/image/vendor_inventory/4474/423374717ebb076d8f21f90b7ccde68b685a306bd833fd629945702d86d8.jpg"></div><strong class="rl-item__title">[당일조업/산지직송] 서해 꽃게 안면도 생물 활 꽃게 숫꽃게 가을꽃게 2kg, 1개, 숫 꽃게 2kg 소 (8~12미내외)</strong><div class="clearFix twc-flex twc-items-center"><span class="rl-item__price twc-mr-[4px]"><em> 26,900원 </em></span></div><div class="rl-item__unit-price">(100g당 2,690원)</div><div class="rl-item__review"><span class="rl-item__review-score-bg"><span class="rl-item__review-score" style="width: 80%;"><em>80%</em></span></span><span class="rl-item__review-count">(10)</span></div></a></li><li class="rl-item hps-scroll-item"><a target="_blank" href="/vp/products/8972350366?itemId=26261046156&amp;searchId=334f2adbff40415a9d507e00e7591b91&amp;vendorItemId=93230594496&amp;sourceType=SDP_BOTTOM_ADS&amp;clickEventId=db4aa270-8e1e-11f0-9627-7ec4a0dc57ed" data-adsplatform="{&quot;viewImpression&quot;:&quot;https://mercury.coupang.com/e.gif?r=db4aa270-8e1e-11f0-9627-7ec4a0dc57ed%7E2&quot;,&quot;impressionLogUri&quot;:&quot;https://mercury.coupang.com/e.gif?r=db4aa270-8e1e-11f0-9627-7ec4a0dc57ed%7E1&quot;,&quot;eventId&quot;:&quot;db4aa270-8e1e-11f0-9627-7ec4a0dc57ed&quot;,&quot;clickLogUri&quot;:&quot;https://mercury.coupang.com/e.gif?r=db4aa270-8e1e-11f0-9627-7ec4a0dc57ed%7E3&quot;}" class="impression-logged"><div class="rl-item__image-wrap"><img class="rl-item__image" alt="" src="//thumbnail.coupangcdn.com/thumbnails/remote/300x300ex/image/vendor_inventory/9273/3299129d9d4cc83dd9c50f3fa849439304758e7e692ed35d9628ecb077d2.png"></div><strong class="rl-item__title">산지직송 국내산 흰다리새우 당일조업 제철 활새우 생새우 1kg (32미 내외), 1개, 활새우 1kg (32미 내외)</strong><div class="clearFix twc-flex twc-items-center"><span class="rl-item__price twc-mr-[4px]"><em> 34,500원 </em></span></div><div class="rl-item__unit-price">(100g당 3,450원)</div><div class="rl-item__review"><span class="rl-item__review-score-bg"><span class="rl-item__review-score" style="width: 100%;"><em>100%</em></span></span><span class="rl-item__review-count">(10)</span></div></a></li><li class="rl-item hps-scroll-item"><a target="_blank" href="/vp/products/8953905101?itemId=26193909219&amp;searchId=334f2adbff40415a9d507e00e7591b91&amp;vendorItemId=92708190958&amp;sourceType=SDP_BOTTOM_ADS&amp;clickEventId=db4aa270-8e1e-11f0-9b8e-37162e7fd483" data-adsplatform="{&quot;viewImpression&quot;:&quot;https://mercury.coupang.com/e.gif?r=db4aa270-8e1e-11f0-9b8e-37162e7fd483%7E2&quot;,&quot;impressionLogUri&quot;:&quot;https://mercury.coupang.com/e.gif?r=db4aa270-8e1e-11f0-9b8e-37162e7fd483%7E1&quot;,&quot;eventId&quot;:&quot;db4aa270-8e1e-11f0-9b8e-37162e7fd483&quot;,&quot;clickLogUri&quot;:&quot;https://mercury.coupang.com/e.gif?r=db4aa270-8e1e-11f0-9b8e-37162e7fd483%7E3&quot;}" class="impression-logged"><div class="rl-item__image-wrap"><img class="rl-item__image" alt="" src="//thumbnail.coupangcdn.com/thumbnails/remote/300x300ex/image/vendor_inventory/646f/07b60e24adc6ceabfbd558eaddf253453176f71c512a6eadc1f6172a4eff.jpg"></div><strong class="rl-item__title">[미식탁] 국내산 제철 봄 알배기 냉동 숫꽃게 암꽃게 1kg 인천 태안 산지직송, 1박스, (활)인천 연안 숫꽃게 1kg, 냉동 암꽃게 1kg(4-6미내외)</strong><div class="clearFix twc-flex twc-items-center"><span class="rl-item__price twc-mr-[4px]"><em> 19,900원 </em></span></div></a></li><li class="rl-item hps-scroll-item"><a target="_blank" href="/vp/products/7476312363?itemId=19518852784&amp;searchId=334f2adbff40415a9d507e00e7591b91&amp;vendorItemId=92680848072&amp;sourceType=SDP_BOTTOM_ADS&amp;clickEventId=db4aa270-8e1e-11f0-bc02-b26dde214e5e" data-adsplatform="{&quot;viewImpression&quot;:&quot;https://mercury.coupang.com/e.gif?r=db4aa270-8e1e-11f0-bc02-b26dde214e5e%7E2&quot;,&quot;impressionLogUri&quot;:&quot;https://mercury.coupang.com/e.gif?r=db4aa270-8e1e-11f0-bc02-b26dde214e5e%7E1&quot;,&quot;eventId&quot;:&quot;db4aa270-8e1e-11f0-bc02-b26dde214e5e&quot;,&quot;clickLogUri&quot;:&quot;https://mercury.coupang.com/e.gif?r=db4aa270-8e1e-11f0-bc02-b26dde214e5e%7E3&quot;}" class="impression-logged"><div class="rl-item__image-wrap"><img class="rl-item__image" alt="" src="//thumbnail.coupangcdn.com/thumbnails/remote/300x300ex/image/vendor_inventory/7734/a516f680a31846cc5b0c73a4666befad11e2afbbe8520db4998eda315963.jpg"></div><strong class="rl-item__title">[특가할인] 암꽃게 간장게장 수제 20년 전통 여수맛집, 1개, 4kg</strong><div class="clearFix twc-flex twc-items-center"><span class="rl-item__price twc-mr-[4px]"><em> 29,900원 </em></span></div><div class="rl-item__unit-price">(100g당 748원)</div><div class="rl-item__review"><span class="rl-item__review-score-bg"><span class="rl-item__review-score" style="width: 80%;"><em>80%</em></span></span><span class="rl-item__review-count">(589)</span></div></a></li><li class="rl-item hps-scroll-item"><a target="_blank" href="/vp/products/9003621698?itemId=26458982709&amp;searchId=334f2adbff40415a9d507e00e7591b91&amp;vendorItemId=90978542175&amp;sourceType=SDP_BOTTOM_ADS&amp;clickEventId=db4aa270-8e1e-11f0-bf5d-25ac8c2fd277" data-adsplatform="{&quot;viewImpression&quot;:&quot;https://mercury.coupang.com/e.gif?r=db4aa270-8e1e-11f0-bf5d-25ac8c2fd277%7E2&quot;,&quot;impressionLogUri&quot;:&quot;https://mercury.coupang.com/e.gif?r=db4aa270-8e1e-11f0-bf5d-25ac8c2fd277%7E1&quot;,&quot;eventId&quot;:&quot;db4aa270-8e1e-11f0-bf5d-25ac8c2fd277&quot;,&quot;clickLogUri&quot;:&quot;https://mercury.coupang.com/e.gif?r=db4aa270-8e1e-11f0-bf5d-25ac8c2fd277%7E3&quot;}" class="impression-logged"><div class="rl-item__image-wrap"><img class="rl-item__image" alt="" src="//thumbnail.coupangcdn.com/thumbnails/remote/300x300ex/image/vendor_inventory/8390/6442004c2ec623bd7fefc58311d7b507f750ff2c6aaa32844c11c32a6f8a.jpg"></div><strong class="rl-item__title">[당일조업/산지직송] 서해 꽃게 안면도 제철 생물 활꽃게[ 특A급 ] 숫꽃게 가을꽃게 3kg, 1개, 숫 꽃게 3kg 특 (6~9미내외)</strong><div class="clearFix twc-flex twc-items-center"><span class="rl-item__price twc-mr-[4px]"><em> 54,900원 </em></span></div><div class="rl-item__unit-price">(100g당 5,490원)</div><div class="rl-item__review"><span class="rl-item__review-score-bg"><span class="rl-item__review-score" style="width: 90%;"><em>90%</em></span></span><span class="rl-item__review-count">(9)</span></div></a></li><li class="rl-item hps-scroll-item"><a target="_blank" href="/vp/products/8702994298?itemId=25273680457&amp;searchId=334f2adbff40415a9d507e00e7591b91&amp;vendorItemId=87532282429&amp;sourceType=SDP_BOTTOM_ADS&amp;clickEventId=db4aa270-8e1e-11f0-a151-f755dd3d9695" data-adsplatform="{&quot;viewImpression&quot;:&quot;https://mercury.coupang.com/e.gif?r=db4aa270-8e1e-11f0-a151-f755dd3d9695%7E2&quot;,&quot;impressionLogUri&quot;:&quot;https://mercury.coupang.com/e.gif?r=db4aa270-8e1e-11f0-a151-f755dd3d9695%7E1&quot;,&quot;eventId&quot;:&quot;db4aa270-8e1e-11f0-a151-f755dd3d9695&quot;,&quot;clickLogUri&quot;:&quot;https://mercury.coupang.com/e.gif?r=db4aa270-8e1e-11f0-a151-f755dd3d9695%7E3&quot;}" class="impression-logged"><div class="rl-item__image-wrap"><img class="rl-item__image" alt="" src="//thumbnail.coupangcdn.com/thumbnails/remote/300x300ex/image/vendor_inventory/3fc2/fba79e65186d52a3fd2b951ba0d46beea7fbeb9417a4fa27be11b62e961e.jpg"></div><strong class="rl-item__title">울산 수제 새우포 30미, 50g, 1세트</strong><div class="clearFix twc-flex twc-items-center"><span class="rl-item__price twc-mr-[4px]"><em> 75,000원 </em></span></div><div class="rl-item__unit-price">(100g당 150,000원)</div><div class="rl-item__review"><span class="rl-item__review-score-bg"><span class="rl-item__review-score" style="width: 100%;"><em>100%</em></span></span><span class="rl-item__review-count">(9)</span></div></a></li><li class="rl-item hps-scroll-item"><a target="_blank" href="/vp/products/159021405?itemId=456851312&amp;searchId=334f2adbff40415a9d507e00e7591b91&amp;vendorItemId=4133343052&amp;sourceType=SDP_BOTTOM_ADS&amp;clickEventId=db4aa270-8e1e-11f0-8fdc-d357a6d9ac85" data-adsplatform="{&quot;viewImpression&quot;:&quot;https://mercury.coupang.com/e.gif?r=db4aa270-8e1e-11f0-8fdc-d357a6d9ac85%7E2&quot;,&quot;impressionLogUri&quot;:&quot;https://mercury.coupang.com/e.gif?r=db4aa270-8e1e-11f0-8fdc-d357a6d9ac85%7E1&quot;,&quot;eventId&quot;:&quot;db4aa270-8e1e-11f0-8fdc-d357a6d9ac85&quot;,&quot;clickLogUri&quot;:&quot;https://mercury.coupang.com/e.gif?r=db4aa270-8e1e-11f0-8fdc-d357a6d9ac85%7E3&quot;}" class="impression-logged"><div class="rl-item__image-wrap"><img class="rl-item__image" alt="" src="//thumbnail.coupangcdn.com/thumbnails/remote/300x300ex/image/vendor_inventory/6054/490ad49b2e1eab993fa7a5cddc79781de133cc3c3bab6dcd2292ccc97272.jpg"></div><strong class="rl-item__title">정옥 청정구역 1급수에서만 자생하는 민물새우 새뱅이, 1개, 2kg</strong><div class="clearFix twc-flex twc-items-center"><span class="rl-item__price twc-mr-[4px]"><em> 53,000원 </em></span></div><div class="rl-item__unit-price">(100g당 2,650원)</div><div class="rl-item__review"><span class="rl-item__review-score-bg"><span class="rl-item__review-score" style="width: 60%;"><em>60%</em></span></span><span class="rl-item__review-count">(15)</span></div></a></li><li class="rl-item hps-scroll-item"><a target="_blank" href="/vp/products/7398953743?itemId=24803286508&amp;searchId=334f2adbff40415a9d507e00e7591b91&amp;vendorItemId=75170840207&amp;sourceType=SDP_BOTTOM_ADS&amp;clickEventId=db4aa270-8e1e-11f0-8b0b-de0e82bf57ab" data-adsplatform="{&quot;viewImpression&quot;:&quot;https://mercury.coupang.com/e.gif?r=db4aa270-8e1e-11f0-8b0b-de0e82bf57ab%7E2&quot;,&quot;impressionLogUri&quot;:&quot;https://mercury.coupang.com/e.gif?r=db4aa270-8e1e-11f0-8b0b-de0e82bf57ab%7E1&quot;,&quot;eventId&quot;:&quot;db4aa270-8e1e-11f0-8b0b-de0e82bf57ab&quot;,&quot;clickLogUri&quot;:&quot;https://mercury.coupang.com/e.gif?r=db4aa270-8e1e-11f0-8b0b-de0e82bf57ab%7E3&quot;}" class="impression-logged"><div class="rl-item__image-wrap"><img class="rl-item__image" alt="" src="//thumbnail.coupangcdn.com/thumbnails/remote/300x300ex/image/vendor_inventory/207b/deefdb2f4d59cc3484a2b0193eb71075fe6229bf869f6b07df299a0a7a36.jpg"></div><strong class="rl-item__title">씨푸드코리아 국내산 연평도 암꽃게 간장게장 4~5미, 2.5kg, 1개</strong><div class="clearFix twc-flex twc-items-center"><span class="rl-item__price twc-mr-[4px]"><em> 27,730원 </em></span></div><div class="rl-item__unit-price">(100g당 1,109원)</div><div class="rl-item__review"><span class="rl-item__review-score-bg"><span class="rl-item__review-score" style="width: 90%;"><em>90%</em></span></span><span class="rl-item__review-count">(5,381)</span></div></a></li><li class="rl-item hps-scroll-item"><a target="_blank" href="/vp/products/9037121309?itemId=26512388828&amp;searchId=334f2adbff40415a9d507e00e7591b91&amp;vendorItemId=92858711168&amp;sourceType=SDP_BOTTOM_ADS&amp;clickEventId=db4ac980-8e1e-11f0-a963-095c898269ea" data-adsplatform="{&quot;viewImpression&quot;:&quot;https://mercury.coupang.com/e.gif?r=db4ac980-8e1e-11f0-a963-095c898269ea%7E2&quot;,&quot;impressionLogUri&quot;:&quot;https://mercury.coupang.com/e.gif?r=db4ac980-8e1e-11f0-a963-095c898269ea%7E1&quot;,&quot;eventId&quot;:&quot;db4ac980-8e1e-11f0-a963-095c898269ea&quot;,&quot;clickLogUri&quot;:&quot;https://mercury.coupang.com/e.gif?r=db4ac980-8e1e-11f0-a963-095c898269ea%7E3&quot;}" class="impression-logged"><div class="rl-item__image-wrap"><img class="rl-item__image" alt="" src="//thumbnail.coupangcdn.com/thumbnails/remote/300x300ex/image/vendor_inventory/40eb/47e9f29c622d472a977f0ccd63face3c54030f1cf6284e2e0be72c03315f.jpg"></div><strong class="rl-item__title">[미식탁] 프리미엄 활 자숙 레드 블루 브라운 킹크랩 1마리 1.5kg 2kg 3kg 4kg 수율70~80% 보장, 1개, 2.5kg, 브라운킹크랩 (수율75%), A급 2.5kg 1마리 (찜)</strong><div class="clearFix twc-flex twc-items-center"><span class="rl-item__price twc-mr-[4px]"><em> 137,000원 </em></span></div><div class="rl-item__review"><span class="rl-item__review-score-bg"><span class="rl-item__review-score" style="width: 100%;"><em>100%</em></span></span><span class="rl-item__review-count">(2)</span></div></a></li><li class="rl-item hps-scroll-item"><a target="_blank" href="/vp/products/7687390681?itemId=20547948609&amp;searchId=334f2adbff40415a9d507e00e7591b91&amp;vendorItemId=87415072890&amp;sourceType=SDP_BOTTOM_ADS&amp;clickEventId=db4ac980-8e1e-11f0-b7a4-62e1ab4d9158" data-adsplatform="{&quot;viewImpression&quot;:&quot;https://mercury.coupang.com/e.gif?r=db4ac980-8e1e-11f0-b7a4-62e1ab4d9158%7E2&quot;,&quot;impressionLogUri&quot;:&quot;https://mercury.coupang.com/e.gif?r=db4ac980-8e1e-11f0-b7a4-62e1ab4d9158%7E1&quot;,&quot;eventId&quot;:&quot;db4ac980-8e1e-11f0-b7a4-62e1ab4d9158&quot;,&quot;clickLogUri&quot;:&quot;https://mercury.coupang.com/e.gif?r=db4ac980-8e1e-11f0-b7a4-62e1ab4d9158%7E3&quot;}" class="impression-logged"><div class="rl-item__image-wrap"><img class="rl-item__image" alt="" src="//thumbnail.coupangcdn.com/thumbnails/remote/300x300ex/image/vendor_inventory/6d29/26dfbd50a7adf79ff134199619618004ab69a1504d11fb788dce57230d02.jpeg"></div><strong class="rl-item__title">킹 블랙 타이거 새우 1kg 냉동, 킹타이거 1kg [3미], 1개</strong><div class="clearFix twc-flex twc-items-center"><span class="rl-item__price twc-mr-[4px]"><em> 65,900원 </em></span></div><div class="rl-item__unit-price">(100g당 6,590원)</div><div class="rl-item__review"><span class="rl-item__review-score-bg"><span class="rl-item__review-score" style="width: 80%;"><em>80%</em></span></span><span class="rl-item__review-count">(36)</span></div></a></li><li class="rl-item hps-scroll-item"><a target="_blank" href="/vp/products/8499248063?itemId=24602052719&amp;searchId=334f2adbff40415a9d507e00e7591b91&amp;vendorItemId=91613522112&amp;sourceType=SDP_BOTTOM_ADS&amp;clickEventId=db4ac980-8e1e-11f0-b037-32b30ecb2ae2" data-adsplatform="{&quot;viewImpression&quot;:&quot;https://mercury.coupang.com/e.gif?r=db4ac980-8e1e-11f0-b037-32b30ecb2ae2%7E2&quot;,&quot;impressionLogUri&quot;:&quot;https://mercury.coupang.com/e.gif?r=db4ac980-8e1e-11f0-b037-32b30ecb2ae2%7E1&quot;,&quot;eventId&quot;:&quot;db4ac980-8e1e-11f0-b037-32b30ecb2ae2&quot;,&quot;clickLogUri&quot;:&quot;https://mercury.coupang.com/e.gif?r=db4ac980-8e1e-11f0-b037-32b30ecb2ae2%7E3&quot;}" class="impression-logged"><div class="rl-item__image-wrap"><img class="rl-item__image" alt="" src="//thumbnail.coupangcdn.com/thumbnails/remote/300x300ex/image/vendor_inventory/13e8/101c64e17cbfe4a21581ba9967cdc2d8c87fb8d91e3c7178492c3a8e0cfc.png"></div><strong class="rl-item__title">[신안수산물] 신안군 자연산 동백하 생새우 급냉 1kg, 1개</strong><div class="clearFix twc-flex twc-items-center"><span class="rl-item__price twc-mr-[4px]"><em> 29,900원 </em></span></div><div class="rl-item__unit-price">(10g당 299원)</div></a></li><li class="rl-item hps-scroll-item"><a target="_blank" href="/vp/products/7967114426?itemId=23520307280&amp;searchId=334f2adbff40415a9d507e00e7591b91&amp;vendorItemId=90546656792&amp;sourceType=SDP_BOTTOM_ADS&amp;clickEventId=db4ac980-8e1e-11f0-8619-178425257afd" data-adsplatform="{&quot;viewImpression&quot;:&quot;https://mercury.coupang.com/e.gif?r=db4ac980-8e1e-11f0-8619-178425257afd%7E2&quot;,&quot;impressionLogUri&quot;:&quot;https://mercury.coupang.com/e.gif?r=db4ac980-8e1e-11f0-8619-178425257afd%7E1&quot;,&quot;eventId&quot;:&quot;db4ac980-8e1e-11f0-8619-178425257afd&quot;,&quot;clickLogUri&quot;:&quot;https://mercury.coupang.com/e.gif?r=db4ac980-8e1e-11f0-8619-178425257afd%7E3&quot;}" class="impression-logged"><div class="rl-item__image-wrap"><img class="rl-item__image" alt="" src="//thumbnail.coupangcdn.com/thumbnails/remote/300x300ex/image/vendor_inventory/2747/a7ea395ee965645e1179ed7e9aa617069fc2d2e7dfe735cf2abcf3953627.jpg"></div><strong class="rl-item__title">[일구수산]싱싱한 통영 냉동굴 (iqf) (조리용)/산지/직접생산, 냉동굴 IQF 1kg, 6개</strong><div class="clearFix twc-flex twc-items-center"><span class="rl-item__price twc-mr-[4px]"><em> 71,400원 </em></span></div><div class="rl-item__unit-price">(100g당 1,190원)</div><div class="rl-item__review"><span class="rl-item__review-score-bg"><span class="rl-item__review-score" style="width: 100%;"><em>100%</em></span></span><span class="rl-item__review-count">(24)</span></div></a></li><li class="rl-item hps-scroll-item"><a target="_blank" href="/vp/products/8880617122?itemId=25917627607&amp;searchId=334f2adbff40415a9d507e00e7591b91&amp;vendorItemId=92903176773&amp;sourceType=SDP_BOTTOM_ADS&amp;clickEventId=db4ac980-8e1e-11f0-bea1-714850458d3b" data-adsplatform="{&quot;viewImpression&quot;:&quot;https://mercury.coupang.com/e.gif?r=db4ac980-8e1e-11f0-bea1-714850458d3b%7E2&quot;,&quot;impressionLogUri&quot;:&quot;https://mercury.coupang.com/e.gif?r=db4ac980-8e1e-11f0-bea1-714850458d3b%7E1&quot;,&quot;eventId&quot;:&quot;db4ac980-8e1e-11f0-bea1-714850458d3b&quot;,&quot;clickLogUri&quot;:&quot;https://mercury.coupang.com/e.gif?r=db4ac980-8e1e-11f0-bea1-714850458d3b%7E3&quot;}" class="impression-logged"><div class="rl-item__image-wrap"><img class="rl-item__image" alt="" src="//thumbnail.coupangcdn.com/thumbnails/remote/300x300ex/image/vendor_inventory/75b4/b8ca43938d5925a0e6722d5aeabd61ad0129c4cb8aa673162adab03672ef.jpg"></div><strong class="rl-item__title">[미식탁] 특A급 라이브 활 박달대게 생물 자숙 수율보장 마가단 프리모리, (활)특A급 박달대게 2kg, 1박스, A급 러시아 박달대게 3kg</strong><div class="clearFix twc-flex twc-items-center"><span class="rl-item__price twc-mr-[4px]"><em> 138,900원 </em></span></div><div class="rl-item__review"><span class="rl-item__review-score-bg"><span class="rl-item__review-score" style="width: 100%;"><em>100%</em></span></span><span class="rl-item__review-count">(2)</span></div></a></li><li class="rl-item hps-scroll-item"><a target="_blank" href="/vp/products/8869332231?itemId=25873271225&amp;searchId=334f2adbff40415a9d507e00e7591b91&amp;vendorItemId=92859377322&amp;sourceType=SDP_BOTTOM_ADS&amp;clickEventId=db4ac980-8e1e-11f0-a4c5-9f13da0a8e9c" data-adsplatform="{&quot;viewImpression&quot;:&quot;https://mercury.coupang.com/e.gif?r=db4ac980-8e1e-11f0-a4c5-9f13da0a8e9c%7E2&quot;,&quot;impressionLogUri&quot;:&quot;https://mercury.coupang.com/e.gif?r=db4ac980-8e1e-11f0-a4c5-9f13da0a8e9c%7E1&quot;,&quot;eventId&quot;:&quot;db4ac980-8e1e-11f0-a4c5-9f13da0a8e9c&quot;,&quot;clickLogUri&quot;:&quot;https://mercury.coupang.com/e.gif?r=db4ac980-8e1e-11f0-a4c5-9f13da0a8e9c%7E3&quot;}" class="impression-logged"><div class="rl-item__image-wrap"><img class="rl-item__image" alt="" src="//thumbnail.coupangcdn.com/thumbnails/remote/300x300ex/image/vendor_inventory/1ad8/91f35ffea7461ba87872b0d16a60ad1198f8a1e22461e60d3ebb15191216.jpg"></div><strong class="rl-item__title">국내산 제철 횟감용 활 단새우 홍새우 1kg 아마애비 신선 냉동, 횟감용 단새우 1kg(55미내외) 신선냉동, 1개</strong><div class="clearFix twc-flex twc-items-center"><span class="rl-item__price twc-mr-[4px]"><em> 48,900원 </em></span></div><div class="rl-item__unit-price">(100g당 4,890원)</div></a></li><li class="rl-item hps-scroll-item"><a target="_blank" href="/vp/products/8720688577?itemId=25322116964&amp;searchId=334f2adbff40415a9d507e00e7591b91&amp;vendorItemId=92315580056&amp;sourceType=SDP_BOTTOM_ADS&amp;clickEventId=db4ac980-8e1e-11f0-911d-b25e3270a433" data-adsplatform="{&quot;viewImpression&quot;:&quot;https://mercury.coupang.com/e.gif?r=db4ac980-8e1e-11f0-911d-b25e3270a433%7E2&quot;,&quot;impressionLogUri&quot;:&quot;https://mercury.coupang.com/e.gif?r=db4ac980-8e1e-11f0-911d-b25e3270a433%7E1&quot;,&quot;eventId&quot;:&quot;db4ac980-8e1e-11f0-911d-b25e3270a433&quot;,&quot;clickLogUri&quot;:&quot;https://mercury.coupang.com/e.gif?r=db4ac980-8e1e-11f0-911d-b25e3270a433%7E3&quot;}" class="impression-logged"><div class="rl-item__image-wrap"><img class="rl-item__image" alt="" src="//thumbnail.coupangcdn.com/thumbnails/remote/300x300ex/image/vendor_inventory/c6fa/291381bb6a47db0e563a1df3c81017f71a4f2241ab508b3ab83edd7850d1.png"></div><strong class="rl-item__title">[청춘찬가]연평도 암꽃게 간장게장 꽉찬 알배기 국내산, 2.5kg, 1개</strong><div class="clearFix twc-flex twc-items-center"><span class="rl-item__price twc-mr-[4px]"><em> 33,800원 </em></span></div><div class="rl-item__unit-price">(100g당 1,352원)</div><div class="rl-item__review"><span class="rl-item__review-score-bg"><span class="rl-item__review-score" style="width: 100%;"><em>100%</em></span></span><span class="rl-item__review-count">(10)</span></div></a></li><li class="rl-item hps-scroll-item"><a target="_blank" href="/vp/products/9021781747?itemId=26453198268&amp;searchId=334f2adbff40415a9d507e00e7591b91&amp;vendorItemId=93428612809&amp;sourceType=SDP_BOTTOM_ADS&amp;clickEventId=db4ac980-8e1e-11f0-af94-5e7c1fd2a443" data-adsplatform="{&quot;viewImpression&quot;:&quot;https://mercury.coupang.com/e.gif?r=db4ac980-8e1e-11f0-af94-5e7c1fd2a443%7E2&quot;,&quot;impressionLogUri&quot;:&quot;https://mercury.coupang.com/e.gif?r=db4ac980-8e1e-11f0-af94-5e7c1fd2a443%7E1&quot;,&quot;eventId&quot;:&quot;db4ac980-8e1e-11f0-af94-5e7c1fd2a443&quot;,&quot;clickLogUri&quot;:&quot;https://mercury.coupang.com/e.gif?r=db4ac980-8e1e-11f0-af94-5e7c1fd2a443%7E3&quot;}" class="impression-logged"><div class="rl-item__image-wrap"><img class="rl-item__image" alt="" src="//thumbnail.coupangcdn.com/thumbnails/remote/300x300ex/image/vendor_inventory/1cf1/b5a1206ee1e79bfd71fcb5a696432d44089406baf3741f55ee2981013602.jpg"></div><strong class="rl-item__title">[맛꾼] 당일조업 산지직송 서해안 빙장 제철 활 숫꽃게, 1개, 2kg</strong><div class="clearFix twc-flex twc-items-center"><span class="rl-item__price twc-mr-[4px]"><em> 26,900원 </em></span></div><div class="rl-item__unit-price">(100g당 1,345원)</div><div class="rl-item__review"><span class="rl-item__review-score-bg"><span class="rl-item__review-score" style="width: 80%;"><em>80%</em></span></span><span class="rl-item__review-count">(12)</span></div></a></li><li class="rl-item hps-scroll-item"><a target="_blank" href="/vp/products/8215434785?itemId=23596356529&amp;searchId=334f2adbff40415a9d507e00e7591b91&amp;vendorItemId=86469328937&amp;sourceType=SDP_BOTTOM_ADS&amp;clickEventId=db4ac980-8e1e-11f0-adf3-255ec1ae392e" data-adsplatform="{&quot;viewImpression&quot;:&quot;https://mercury.coupang.com/e.gif?r=db4ac980-8e1e-11f0-adf3-255ec1ae392e%7E2&quot;,&quot;impressionLogUri&quot;:&quot;https://mercury.coupang.com/e.gif?r=db4ac980-8e1e-11f0-adf3-255ec1ae392e%7E1&quot;,&quot;eventId&quot;:&quot;db4ac980-8e1e-11f0-adf3-255ec1ae392e&quot;,&quot;clickLogUri&quot;:&quot;https://mercury.coupang.com/e.gif?r=db4ac980-8e1e-11f0-adf3-255ec1ae392e%7E3&quot;}" class="impression-logged"><div class="rl-item__image-wrap"><img class="rl-item__image" alt="" src="//thumbnail.coupangcdn.com/thumbnails/remote/300x300ex/image/vendor_inventory/f9d7/b06e4af7ee6bb1aa209a95f00a3a4270e55447dda5d41e038e7b98787bda.jpg"></div><strong class="rl-item__title">삼점 간장 암꽃게장 4kg(2kg + 2kg), 4kg, 1개</strong><div class="clearFix twc-flex twc-items-center"><span class="rl-item__price twc-mr-[4px]"><em> 22,960원 </em></span></div><div class="rl-item__unit-price">(100g당 574원)</div><div class="rl-item__review"><span class="rl-item__review-score-bg"><span class="rl-item__review-score" style="width: 80%;"><em>80%</em></span></span><span class="rl-item__review-count">(315)</span></div></a></li><li class="rl-item hps-scroll-item"><a target="_blank" href="/vp/products/9022288556?itemId=26455840875&amp;searchId=334f2adbff40415a9d507e00e7591b91&amp;vendorItemId=93431215983&amp;sourceType=SDP_BOTTOM_ADS&amp;clickEventId=db4af090-8e1e-11f0-8cfa-4436919f8feb" data-adsplatform="{&quot;viewImpression&quot;:&quot;https://mercury.coupang.com/e.gif?r=db4af090-8e1e-11f0-8cfa-4436919f8feb%7E2&quot;,&quot;impressionLogUri&quot;:&quot;https://mercury.coupang.com/e.gif?r=db4af090-8e1e-11f0-8cfa-4436919f8feb%7E1&quot;,&quot;eventId&quot;:&quot;db4af090-8e1e-11f0-8cfa-4436919f8feb&quot;,&quot;clickLogUri&quot;:&quot;https://mercury.coupang.com/e.gif?r=db4af090-8e1e-11f0-8cfa-4436919f8feb%7E3&quot;}" class="impression-logged"><div class="rl-item__image-wrap"><img class="rl-item__image" alt="" src="//thumbnail.coupangcdn.com/thumbnails/remote/300x300ex/image/vendor_inventory/2f57/1b47e9b5326223e7787e077124f86a1e2c6b5190e025531c21dabd0133b4.jpg"></div><strong class="rl-item__title">[선별특품] 서해안 활 숫꽃게 당일조업 살이꽉찬 제철 꽃게 디아머스, 1박스, 2kg</strong><div class="clearFix twc-flex twc-items-center"><span class="rl-item__price twc-mr-[4px]"><em> 28,920원 </em></span></div><div class="rl-item__unit-price">(100g당 1,446원)</div><div class="rl-item__review"><span class="rl-item__review-score-bg"><span class="rl-item__review-score" style="width: 100%;"><em>100%</em></span></span><span class="rl-item__review-count">(3)</span></div></a></li><li class="rl-item hps-scroll-item"><a target="_blank" href="/vp/products/8248618059?itemId=23837727667&amp;searchId=334f2adbff40415a9d507e00e7591b91&amp;vendorItemId=89080821169&amp;sourceType=SDP_BOTTOM_ADS&amp;clickEventId=db4af090-8e1e-11f0-be4d-31655f12e64c" data-adsplatform="{&quot;viewImpression&quot;:&quot;https://mercury.coupang.com/e.gif?r=db4af090-8e1e-11f0-be4d-31655f12e64c%7E2&quot;,&quot;impressionLogUri&quot;:&quot;https://mercury.coupang.com/e.gif?r=db4af090-8e1e-11f0-be4d-31655f12e64c%7E1&quot;,&quot;eventId&quot;:&quot;db4af090-8e1e-11f0-be4d-31655f12e64c&quot;,&quot;clickLogUri&quot;:&quot;https://mercury.coupang.com/e.gif?r=db4af090-8e1e-11f0-be4d-31655f12e64c%7E3&quot;}" class="impression-logged"><div class="rl-item__image-wrap"><img class="rl-item__image" alt="" src="//thumbnail.coupangcdn.com/thumbnails/remote/300x300ex/image/vendor_inventory/9d71/c98f873aeaa4df945f6187dac6ca081e1920a6fea3009d2636471d3b97db.jpg"></div><strong class="rl-item__title">(배터짐) 자숙 브라운크랩 알크랩 꽃게 (일요일&amp;당일발송), 2개, 500g</strong><div class="clearFix twc-flex twc-items-center"><span class="rl-item__price twc-mr-[4px]"><em> 21,650원 </em></span></div><div class="rl-item__unit-price">(100g당 2,165원)</div><div class="rl-item__review"><span class="rl-item__review-score-bg"><span class="rl-item__review-score" style="width: 50%;"><em>50%</em></span></span><span class="rl-item__review-count">(48)</span></div></a></li></ul></div><a href="#" class="carousel-arrow-button prev"></a><a href="#" class="carousel-arrow-button next"></a></div></div></div><div class="sdp-bottom-banner twc-mb-[40px] sdp-bottom-banner-191126 impression-logged" data-adsplatform="{&quot;impressionLogUri&quot;:&quot;https://mercury.coupang.com/e.gif?r=db4aa270-8e1e-11f0-aea9-bfdcc9de5423%7E1&quot;,&quot;viewImpression&quot;:&quot;https://mercury.coupang.com/e.gif?r=db4aa270-8e1e-11f0-aea9-bfdcc9de5423%7E2&quot;,&quot;clickLogUri&quot;:&quot;https://mercury.coupang.com/e.gif?r=db4aa270-8e1e-11f0-aea9-bfdcc9de5423%7E3&quot;}" style="display: initial;"><div class="sdp-bottom-banner-header"><h4 class="banner-title">고르고 골랐어요</h4><em class="info-marker">광고</em></div><a class="banner-link" href="/vp/products/8734361248?itemId=25382081993&amp;vendorItemId=92376079751&amp;sourceType=SDP_BOTTOM_BANNER&amp;clickEventId=db4aa270-8e1e-11f0-aea9-bfdcc9de5423"><div class="sdp-bottom-banner-content"><div class="sdp-bottom-banner-info"><div class="sdp-bottom-banner-info-wrapper"><div class="sdp-bottom-banner-thumb"><div class="item-thumbnail"><img alt="따봉프레시 당일조업 3차선별 황제 활꽃게 태안 신진도 빙장, 1개, 5kg" src="http://thumbnail.coupangcdn.com/thumbnails/remote/292x292ex/image/vendor_inventory/cd8a/d955de7690d0d132c64aa0777e8e4d1f40c0b5db13fc45d8a1b8efe5b748.jpg"></div><div class="item-discount-rate"><em>35%</em></div></div><div class="item-wrapper"><div class="item-rating"><span class="rating-stars"><em style="width: 80%;"></em></span><span class="rating-count">241</span></div><div class="item-title"><span class="title-text" title="따봉프레시 당일조업 3차선별 황제 활꽃게 태안 신진도 빙장, 1개, 5kg">따봉프레시 당일조업 3차선별 황제 활꽃게 태안 신진도 빙장, 1개, 5kg</span></div></div></div><div class="item-link-button"><button type="button" class="button">알아보기</button></div></div></div></a></div></div></div></main><aside class="2xl:twc-min-w-[125px] xl:twc-ml-[20px]"><div id="sdp-ad-middle-banner-lg-position"><div><a class="sdp-mid-banner sdp-mid-banner-191126 banner-link impression-logged view-logged" href="/vp/products/9010726243?itemId=26413233067&amp;vendorItemId=93389260189&amp;sourceType=SDP_MID_BANNER&amp;clickEventId=db4ac980-8e1e-11f0-afc8-80ac915739e0" data-adsplatform="{&quot;impressionLogUri&quot;:&quot;https://mercury.coupang.com/e.gif?r=db4ac980-8e1e-11f0-afc8-80ac915739e0%7E1&quot;,&quot;viewImpression&quot;:&quot;https://mercury.coupang.com/e.gif?r=db4ac980-8e1e-11f0-afc8-80ac915739e0%7E2&quot;,&quot;clickLogUri&quot;:&quot;https://mercury.coupang.com/e.gif?r=db4ac980-8e1e-11f0-afc8-80ac915739e0%7E3&quot;}"><div class="banner-wrapper"><div class="banner-header"><h4 class="banner-title"><strong>추천 <br></strong>이런건 어때요?</h4></div><div class="banner-contents"><div class="product-item"><div class="item-discount-rate"><em>26%</em></div><div class="item-thumbnail"><img alt="[ 지금부터 제철 ] 미식가 전용 살이 꽉찬 국내산 활꽃게 가을꽃게 서해안 생물꽃게, 1개, 가을꽃게 1kg ( 3~5미 )" loading="lazy" src="http://thumbnail.coupangcdn.com/thumbnails/remote/292x292ex/image/vendor_inventory/2278/02eb9699386ff6efba24b5f2d5bfc8eeef1f3172042b50559c03685b7d24.png"></div><div class="item-title" title="[ 지금부터 제철 ] 미식가 전용 살이 꽉찬 국내산 활꽃게 가을꽃게 서해안 생물꽃게, 1개, 가을꽃게 1kg ( 3~5미 )">[ 지금부터 제철 ] 미식가 전용 살이 꽉찬 국내산 활꽃게 가을꽃게 서해안 생물꽃게, 1개, 가을꽃게 1kg ( 3~5미 )</div><div class="item-review-rating"><span class="rating-stars"><em style="width: 100%;"></em></span></div><div class="item-review-count"><span class="rating-count">10</span></div></div></div><div class="info-marker"><span>광고</span></div><div class="item-link-button"><button type="button" class="button"><span class="button-text">더 알아보기</span><span class="button-icon"></span></button></div></div></a></div></div></aside></div><div class="app-redirect"></div><div class="twc-flex twc-flex-col twc-self-stretch twc-gap-[12px] lg:twc-mt-[40px] lg:twc-mb-[40px]"><h2 class="twc-text-[#212B36] twc-font-bold twc-text-[14px] lg:twc-text-[16px]">이 상품과 관련된 카테고리</h2><div class="twc-flex twc-flex-wrap twc-items-center twc-gap-[10px] twc-text-[12px]"><div class="twc-flex twc-gap-[10px]"><a class="twc-text-cou-blue" href="https://www.coupang.com/np/categories/492832">새우</a><span class="twc-w-px twc-h-[15px] twc-bg-[#EEE]"></span></div><div class="twc-flex twc-gap-[10px]"><a class="twc-text-cou-blue" href="https://www.coupang.com/np/categories/492834">대게</a><span class="twc-w-px twc-h-[15px] twc-bg-[#EEE]"></span></div><div class="twc-flex twc-gap-[10px]"><a class="twc-text-cou-blue" href="https://www.coupang.com/np/categories/492835">홍게</a><span class="twc-w-px twc-h-[15px] twc-bg-[#EEE]"></span></div><div class="twc-flex twc-gap-[10px]"><a class="twc-text-cou-blue" href="https://www.coupang.com/np/categories/492836">랍스터</a><span class="twc-w-px twc-h-[15px] twc-bg-[#EEE]"></span></div><div class="twc-flex twc-gap-[10px]"><a class="twc-text-cou-blue" href="https://www.coupang.com/np/categories/492837">킹크랩</a><span class="twc-w-px twc-h-[15px] twc-bg-[#EEE]"></span></div><div class="twc-flex twc-gap-[10px]"><a class="twc-text-cou-blue" href="https://www.coupang.com/np/categories/492838">기타갑각류</a></div></div></div></div><!--$--><!--/$--><div><footer id="wa-footer"><div class="footer-layer1 is-narrowed fw-flex fw-items-center fw-justify-center max-s768:fw-flex-col" style="justify-content:center"><div class="fw-flex fw-flex-wrap"><a href="https://news.coupang.com/" target="_blank">회사소개</a><a href="https://ir.aboutcoupang.com/English/home/" target="_blank">Investor Relations</a><a href="https://rocketyourcareer.kr.coupang.com" target="_blank">인재채용</a><a href="https://marketplace.coupangcorp.com/s/?utm_source=button_pc&amp;utm_medium=non_paid&amp;utm_campaign=onsite_ca&amp;utm_id=coupang_app?inflow=WEB_FOOTER_B">입점/제휴문의</a><a href="https://mc.coupang.com/ssr/desktop/contact/notice"> 공지사항</a><a href="https://mc.coupang.com/ssr/desktop/contact/voc"> 고객의 소리</a><a href="https://www.coupang.com/np/policies/terms"> 이용약관</a><a href="https://privacy.coupang.com/ko/center/coupang"> <strong>개인정보 처리방침</strong></a><a href="https://privacy.coupang.com/ko/security/status">정보보호/개인정보보호 인증</a><a href="https://rocketpay.coupang.com/rocketpay/operationTerms/coupangPcFooter">쿠팡페이 이용약관</a><a href="https://www.coupang.com/np/safety"> 신뢰관리센터</a><a href="https://partners.coupang.com/" target="_blank">제휴마케팅</a><a href="https://ads.coupang.com" target="_blank">광고안내</a></div><div class="fw-inline-block max-s768:fw-mx-[16px] max-s768:fw-mt-[15px] max-s768:fw-block max-s768:fw-w-full"><div id="site-picker" class="site-picker fw-w-[180px] max-s768:fw-w-auto"><span id="site-picker-select" class="site-picker-label fw-w-full"><p>Global Site</p> <span class="site-picker__arrow"></span></span><ul style="z-index:9999"><li><a href="https://www.tw.coupang.com">Coupang Taiwan 酷澎台灣</a></li></ul></div></div></div><div class="footer-layer2 fw-flex fw-max-w-[768px] fw-justify-between fw-p-[16px] max-s768:fw-flex-col max-s768:fw-gap-[32px] max-s768:fw-px-[15px]"><address class="fw-flex fw-gap-[24px] max-s768:fw-flex-col"><a class="logo fw-opacity-50" href="https://www.coupang.com/" title="COUPANG"><img src="https://front.coupangcdn.com/front-web-next/_next/static/media/logo.f2c4ccb2.png" alt="" loading="lazy"></a><div>상호명 및 호스팅 서비스 제공 : 쿠팡(주)                <br> 대표이사 : 박대준                <br> 서울시 송파구 송파대로 570 <br> 사업자 등록번호 : 120-88-00767 <br>                통신판매업신고 : 2017-서울송파-0680                <br><a href="http://www.ftc.go.kr/info/bizinfo/communicationViewPopup.jsp?wrkr_no=1208800767" target="_blank" class="licensee">사업자정보 확인 &gt;</a></div></address><div class="contact-info"><a href="https://mc.coupang.com/ssr/desktop/contact/inquiry" class="call-center"> <strong>365고객센터</strong> | 전자금융거래분쟁처리담당              <br> <em>1577-7011 (유료)</em> 서울시 송파구 송파대로 570              <br>              <span class="contact-fax">email : help@coupang.com</span></a></div><p class="safe-service"><strong>채무지급보증 안내</strong>            <br>            <span>              당사는 고객님이 현금 결제한 금액에 대해              <br> 채무지급보증 계약을 체결하여              <br> 안전거래를 보장하고 있습니다.              <br>            </span><a href="https://www.coupang.com/np/etc/popWooriService" target="_blank" class="service-check fw-cursor-pointer">서비스 가입사실 확인 &gt;</a></p></div><div class="fw-mx-auto fw-mb-[20px] fw-mt-[15px] fw-hidden fw-border-b-[1px] fw-border-b-[#ddd] s768:fw-block s1500:fw-max-w-[1300px]"></div><div class="fw-mx-auto fw-mb-[16px] fw-max-w-[1300px] fw-flex-wrap fw-items-center fw-justify-start fw-gap-[8px] fw-px-[14px] fw-text-[11px] fw-text-[#768695] fw-flex s768:fw-justify-center"><div><img alt="" loading="lazy" src="https://front.coupangcdn.com/front-web-next/_next/static/media/5.73affd35.png" width="89" height="36"></div><div><img alt="" loading="lazy" src="https://front.coupangcdn.com/front-web-next/_next/static/media/6.901d77a5.png" width="55" height="36"></div></div><div class="footer-layer4"><div class="coupang-copyright fw-mx-auto fw-flex fw-max-w-[968px] fw-items-center fw-justify-between fw-gap-[20px] max-s768:fw-flex-col max-s768:fw-items-start max-s768:fw-gap-[10px]"><p class="info">사이버몰 내 판매되는 상품 중에는 쿠팡에 등록한 개별 판매자가 판매하는                마켓플레이스(오픈마켓) 상품이 포함되어 있습니다. <br>                마켓플레이스(오픈마켓) 상품의 경우 쿠팡은 통신판매중개자이며 통신판매의 당사자가                아닙니다. <br> 쿠팡은 마켓플레이스(오픈마켓) 상품, 거래정보 및 거래 등에 대하여                책임을 지지 않습니다. <br>                쿠팡은 소비자 보호와 안전거래를 위해 신뢰관리센터(CM112@coupang.com)를 운영하고                있으며, 관련 분쟁이 발생할 경우 별도의 분쟁 처리절차에 의거 분쟁이 처리됩니다.                <br> Copyright © Coupang Corp. 2010-2025 All Rights Reserved.</p><ul class="sns-link fw-flex"><li><a href="https://www.facebook.com/Coupang.korea" target="_blank" class="facebook"><img loading="lazy" src="https://front.coupangcdn.com/front-web-next/_next/static/media/f.34bde318.png" alt="" width="30" height="30"></a></li><li><a href="https://news.coupang.com/" target="_blank" class="blog"><img loading="lazy" src="https://front.coupangcdn.com/front-web-next/_next/static/media/b.637cda1c.png" class="fw-rounded-full" alt="" width="30" height="30"></a></li><li><a href="https://www.instagram.com/coupang" target="_blank" class="instagram"><img src="https://front.coupangcdn.com/front-web-next/_next/static/media/s.a7aca4ea.png" alt="" loading="lazy" class="fw-rounded-full fw-bg-white" width="30" height="30"></a></li></ul></div></div></footer></div><script>(self.__next_s=self.__next_s||[]).push([0,{"children":"window.criteo_q = window.criteo_q || []","id":"criteo-js-sdk"}])</script><script src="https://assets.coupangcdn.com/front/sdp-next/_next/static/chunks/webpack-fbb4cb05583d7e9e.js" crossorigin="" async=""></script><script>(self.__next_f=self.__next_f||[]).push([0])</script><script>self.__next_f.push([1,"1:\"$Sreact.fragment\"\n2:I[59523,[],\"\"]\n3:I[85567,[],\"\"]\n8:I[83249,[],\"OutletBoundary\"]\nb:I[99007,[],\"AsyncMetadataOutlet\"]\nd:I[83249,[],\"ViewportBoundary\"]\nf:I[83249,[],\"MetadataBoundary\"]\n11:I[21778,[\"4219\",\"static/chunks/app/global-error-f03c7834305010fe.js\"],\"default\"]\n12:\"$Sreact.suspense\"\n13:I[99007,[],\"AsyncMetadata\"]\n15:I[44977,[\"4345\",\"static/chunks/app/not-found-74560dfee8900746.js\"],\"GlobalError404\"]\n:HL[\"https://assets.coupangcdn.com/front/sdp-next/_next/static/css/8b23093be684c4fa.css\",\"style\",{\"crossOrigin\":\"\"}]\n:HL[\"https://assets.coupangcdn.com/front/sdp-next/_next/static/css/72dbcccd8d722ff9.css\",\"style\",{\"crossOrigin\":\"\"}]\n:HL[\"https://assets.coupangcdn.com/front/sdp-next/_next/static/css/ac6b33e86e43a1e1.css\",\"style\",{\"crossOrigin\":\"\"}]\n:HL[\"https://assets.coupangcdn.com/front/sdp-next/_next/static/css/e6852ddbfb832cf6.css\",\"style\",{\"crossOrigin\":\"\"}]\n:HL[\"https://assets.coupangcdn.com/front/sdp-next/_next/static/css/20bd6cb63e8b6be4.css\",\"style\",{\"crossOrigin\":\"\"}]\n:HL[\"https://assets.coupangcdn.com/front/sdp-next/_next/static/css/74b98dec47f7fbb5.css\",\"style\",{\"crossOrigin\":\"\"}]\n:HL[\"https://assets.coupangcdn.com/front/sdp-next/_next/static/css/6e40729592ee3820.css\",\"style\",{\"crossOrigin\":\"\"}]\n:HL[\"https://assets.coupangcdn.com/front/sdp-next/_next/static/css/c9f2a4028ee138dc.css\",\"style\",{\"crossOrigin\":\"\"}]\n:HL[\"https://assets.coupangcdn.com/front/sdp-next/_next/static/css/d072fa0f759c3041.css\",\"style\",{\"crossOrigin\":\"\"}]\n:HL[\"https://assets.coupangcdn.com/front/sdp-next/_next/static/css/b6e9045a51313c0f.css\",\"style\",{\"crossOrigin\":\"\"}]\n:HL[\"https://assets.coupangcdn.com/front/sdp-next/_next/static/css/93724a93c41077ec.css\",\"style\",{\"crossOrigin\":\"\"}]\n:HL[\"https://assets.coupangcdn.com/front/sdp-next/_next/static/css/62e0c71b6fc172f0.css\",\"style\",{\"crossOrigin\":\"\"}]\n:HL[\"https://assets.coupangcdn.com/front/sdp-next/_next/static/css/a8b465e3926a2a2e.css\",\"style\",{\"crossOrigin\":\"\"}]\n:HL[\"https://assets.coupangcdn.com/front/sdp-next/_next/static/css/06f5bb6b97c372cf.css\",\"style\",{\"crossOrigin\":\"\""])</script><script>self.__next_f.push([1,"}]\n:HL[\"https://assets.coupangcdn.com/front/sdp-next/_next/static/css/1b434b5a2305f182.css\",\"style\",{\"crossOrigin\":\"\"}]\n:HL[\"https://assets.coupangcdn.com/front/sdp-next/_next/static/css/33b3ba6c3a22259e.css\",\"style\",{\"crossOrigin\":\"\"}]\n"])</script><script>self.__next_f.push([1,"0:{\"P\":null,\"b\":\"f2d8c6a1789a06385cca9ee124bd5559c43b8210\",\"p\":\"https://assets.coupangcdn.com/front/sdp-next\",\"c\":[\"\",\"vp\",\"products\",\"9007354491\"],\"i\":false,\"f\":[[[\"\",{\"children\":[\"products\",{\"children\":[[\"productId\",\"9007354491\",\"d\"],{\"children\":[\"__PAGE__\",{}]}]}]},\"$undefined\",\"$undefined\",true],[\"\",[\"$\",\"$1\",\"c\",{\"children\":[[[\"$\",\"link\",\"0\",{\"rel\":\"stylesheet\",\"href\":\"https://assets.coupangcdn.com/front/sdp-next/_next/static/css/8b23093be684c4fa.css\",\"precedence\":\"next\",\"crossOrigin\":\"anonymous\",\"nonce\":\"$undefined\"}]],[\"$\",\"$L2\",null,{\"parallelRouterKey\":\"children\",\"error\":\"$undefined\",\"errorStyles\":\"$undefined\",\"errorScripts\":\"$undefined\",\"template\":[\"$\",\"$L3\",null,{}],\"templateStyles\":\"$undefined\",\"templateScripts\":\"$undefined\",\"notFound\":[\"$L4\",[]],\"forbidden\":\"$undefined\",\"unauthorized\":\"$undefined\"}]]}],{\"children\":[\"products\",[\"$\",\"$1\",\"c\",{\"children\":[null,\"$L5\"]}],{\"children\":[[\"productId\",\"9007354491\",\"d\"],[\"$\",\"$1\",\"c\",{\"children\":[[[\"$\",\"link\",\"0\",{\"rel\":\"stylesheet\",\"href\":\"https://assets.coupangcdn.com/front/sdp-next/_next/static/css/72dbcccd8d722ff9.css\",\"precedence\":\"next\",\"crossOrigin\":\"anonymous\",\"nonce\":\"$undefined\"}]],\"$L6\"]}],{\"children\":[\"__PAGE__\",[\"$\",\"$1\",\"c\",{\"children\":[\"$L7\",[[\"$\",\"link\",\"0\",{\"rel\":\"stylesheet\",\"href\":\"https://assets.coupangcdn.com/front/sdp-next/_next/static/css/ac6b33e86e43a1e1.css\",\"precedence\":\"next\",\"crossOrigin\":\"anonymous\",\"nonce\":\"$undefined\"}],[\"$\",\"link\",\"1\",{\"rel\":\"stylesheet\",\"href\":\"https://assets.coupangcdn.com/front/sdp-next/_next/static/css/e6852ddbfb832cf6.css\",\"precedence\":\"next\",\"crossOrigin\":\"anonymous\",\"nonce\":\"$undefined\"}],[\"$\",\"link\",\"2\",{\"rel\":\"stylesheet\",\"href\":\"https://assets.coupangcdn.com/front/sdp-next/_next/static/css/20bd6cb63e8b6be4.css\",\"precedence\":\"next\",\"crossOrigin\":\"anonymous\",\"nonce\":\"$undefined\"}],[\"$\",\"link\",\"3\",{\"rel\":\"stylesheet\",\"href\":\"https://assets.coupangcdn.com/front/sdp-next/_next/static/css/74b98dec47f7fbb5.css\",\"precedence\":\"next\",\"crossOrigin\":\"anonymous\",\"nonce\":\"$undefined\"}],[\"$\",\"link\",\"4\",{\"rel\":\"stylesheet\",\"href\":\"https://assets.coupangcdn.com/front/sdp-next/_next/static/css/6e40729592ee3820.css\",\"precedence\":\"next\",\"crossOrigin\":\"anonymous\",\"nonce\":\"$undefined\"}],[\"$\",\"link\",\"5\",{\"rel\":\"stylesheet\",\"href\":\"https://assets.coupangcdn.com/front/sdp-next/_next/static/css/c9f2a4028ee138dc.css\",\"precedence\":\"next\",\"crossOrigin\":\"anonymous\",\"nonce\":\"$undefined\"}],[\"$\",\"link\",\"6\",{\"rel\":\"stylesheet\",\"href\":\"https://assets.coupangcdn.com/front/sdp-next/_next/static/css/d072fa0f759c3041.css\",\"precedence\":\"next\",\"crossOrigin\":\"anonymous\",\"nonce\":\"$undefined\"}],[\"$\",\"link\",\"7\",{\"rel\":\"stylesheet\",\"href\":\"https://assets.coupangcdn.com/front/sdp-next/_next/static/css/b6e9045a51313c0f.css\",\"precedence\":\"next\",\"crossOrigin\":\"anonymous\",\"nonce\":\"$undefined\"}],[\"$\",\"link\",\"8\",{\"rel\":\"stylesheet\",\"href\":\"https://assets.coupangcdn.com/front/sdp-next/_next/static/css/93724a93c41077ec.css\",\"precedence\":\"next\",\"crossOrigin\":\"anonymous\",\"nonce\":\"$undefined\"}],[\"$\",\"link\",\"9\",{\"rel\":\"stylesheet\",\"href\":\"https://assets.coupangcdn.com/front/sdp-next/_next/static/css/62e0c71b6fc172f0.css\",\"precedence\":\"next\",\"crossOrigin\":\"anonymous\",\"nonce\":\"$undefined\"}],[\"$\",\"link\",\"10\",{\"rel\":\"stylesheet\",\"href\":\"https://assets.coupangcdn.com/front/sdp-next/_next/static/css/a8b465e3926a2a2e.css\",\"precedence\":\"next\",\"crossOrigin\":\"anonymous\",\"nonce\":\"$undefined\"}],[\"$\",\"link\",\"11\",{\"rel\":\"stylesheet\",\"href\":\"https://assets.coupangcdn.com/front/sdp-next/_next/static/css/06f5bb6b97c372cf.css\",\"precedence\":\"next\",\"crossOrigin\":\"anonymous\",\"nonce\":\"$undefined\"}],[\"$\",\"link\",\"12\",{\"rel\":\"stylesheet\",\"href\":\"https://assets.coupangcdn.com/front/sdp-next/_next/static/css/1b434b5a2305f182.css\",\"precedence\":\"next\",\"crossOrigin\":\"anonymous\",\"nonce\":\"$undefined\"}],[\"$\",\"link\",\"13\",{\"rel\":\"stylesheet\",\"href\":\"https://assets.coupangcdn.com/front/sdp-next/_next/static/css/33b3ba6c3a22259e.css\",\"precedence\":\"next\",\"crossOrigin\":\"anonymous\",\"nonce\":\"$undefined\"}]],[\"$\",\"$L8\",null,{\"children\":[\"$L9\",\"$La\",[\"$\",\"$Lb\",null,{\"promise\":\"$@c\"}]]}]]}],{},null,false]},null,false]},null,false]},null,false],[\"$\",\"$1\",\"h\",{\"children\":[null,[\"$\",\"$1\",\"ag9YBcoXJWOhQEDQtjp4mv\",{\"children\":[[\"$\",\"$Ld\",null,{\"children\":\"$Le\"}],null]}],[\"$\",\"$Lf\",null,{\"children\":\"$L10\"}]]}],false]],\"m\":\"$undefined\",\"G\":[\"$11\",[]],\"s\":false,\"S\":false}\n"])</script><script>self.__next_f.push([1,"10:[\"$\",\"div\",null,{\"hidden\":true,\"children\":[\"$\",\"$12\",null,{\"fallback\":null,\"children\":[\"$\",\"$L13\",null,{\"promise\":\"$@14\"}]}]}]\na:null\n4:[\"$\",\"$L15\",null,{\"locale\":\"ko-KR\"}]\ne:[[\"$\",\"meta\",\"0\",{\"charSet\":\"utf-8\"}],[\"$\",\"meta\",\"1\",{\"name\":\"viewport\",\"content\":\"width=device-width, initial-scale=1\"}]]\n9:null\nc:{\"metadata\":[],\"error\":null,\"digest\":\"$undefined\"}\n14:{\"metadata\":\"$c:metadata\",\"error\":null,\"digest\":\"$undefined\"}\n"])</script><script>self.__next_f.push([1,"5:[\"$undefined\",[\"$\",\"$1\",\"main\",{\"children\":\"$@16\"}]]\n6:[\"$undefined\",[\"$\",\"$1\",\"main\",{\"children\":\"$@17\"}]]\n7:[\"$undefined\",[\"$\",\"$1\",\"main\",{\"children\":\"$@18\"}]]\n"])</script><script>self.__next_f.push([1,"19:I[49765,[\"7939\",\"static/chunks/23d1c445-3fb1b5714cafd795.js\",\"1453\",\"static/chunks/eef9e134-6da3a90b6cb6baa9.js\",\"8606\",\"static/chunks/8606-0aeb6aa41ffcda18.js\",\"9938\",\"static/chunks/9938-f9ca04995be6aed9.js\",\"9885\",\"static/chunks/9885-3971aca07d86788e.js\",\"3751\",\"static/chunks/3751-949439daf0ff1c6c.js\",\"7810\",\"static/chunks/7810-ffb1cdafe1fd7b91.js\",\"1736\",\"static/chunks/app/products/%5BproductId%5D/page-560614fd58fc7fd0.js\"],\"WebReliability\"]\n1b:I[29021,[\"7939\",\"static/chunks/23d1c445-3fb1b5714cafd795.js\",\"1453\",\"static/chunks/eef9e134-6da3a90b6cb6baa9.js\",\"8606\",\"static/chunks/8606-0aeb6aa41ffcda18.js\",\"9938\",\"static/chunks/9938-f9ca04995be6aed9.js\",\"9885\",\"static/chunks/9885-3971aca07d86788e.js\",\"3751\",\"static/chunks/3751-949439daf0ff1c6c.js\",\"7810\",\"static/chunks/7810-ffb1cdafe1fd7b91.js\",\"1736\",\"static/chunks/app/products/%5BproductId%5D/page-560614fd58fc7fd0.js\"],\"default\"]\n16:[\"$\",\"$L2\",null,{\"parallelRouterKey\":\"children\",\"error\":\"$undefined\",\"errorStyles\":\"$undefined\",\"errorScripts\":\"$undefined\",\"template\":[\"$\",\"$L3\",null,{}],\"templateStyles\":\"$undefined\",\"templateScripts\":\"$undefined\",\"notFound\":\"$undefined\",\"forbidden\":\"$undefined\",\"unauthorized\":\"$undefined\"}]\n1a:Ta82,"])</script><script>self.__next_f.push([1,"{\"@context\":\"https://schema.org/\",\"@type\":\"Product\",\"sku\":\"9007354491-26399590821\",\"name\":\"삼시세끼연구소 최북단 연평도 조업 살이 단단한 25년 햇꽃게 활 꽃게 숫꽃게 생물, 1kg, 1세트\",\"image\":[\"https://thumbnail.coupangcdn.com/thumbnails/remote/492x492ex/image/vendor_inventory/5a29/ad60842847c4ed6704211970e47c500c01d878b4a90050ee599d62a1e1f4.png\",\"https://thumbnail.coupangcdn.com/thumbnails/remote/492x492ex/image/vendor_inventory/a684/99287514f9add60ee37af25232b4745a29509d01457867e5eb84dfdbfe00.png\",\"https://thumbnail.coupangcdn.com/thumbnails/remote/492x492ex/image/vendor_inventory/be46/628421a2f405c364a5c281e3c395061e7912a531813c968310e53115afa2.png\",\"https://thumbnail.coupangcdn.com/thumbnails/remote/492x492ex/image/vendor_inventory/3960/b4304a024c951b12f43eba227274934cbdd5f2e2685c399b3a21612746aa.png\",\"https://thumbnail.coupangcdn.com/thumbnails/remote/492x492ex/image/vendor_inventory/4321/1ebe96e45a023dcdc9bd41bdcec4bb24db736e62034e8d9a9acca205a6ff.png\",\"https://thumbnail.coupangcdn.com/thumbnails/remote/492x492ex/image/vendor_inventory/372d/1ba18192cd70d33410850d582cd31bf20e46a50335ce6018f71e9ad31b70.png\",\"https://thumbnail.coupangcdn.com/thumbnails/remote/492x492ex/image/vendor_inventory/ba7d/2857ae92b2a1db38b4990cf4f23a75773cf2c3003bd8df877a6a62d578e7.png\",\"https://thumbnail.coupangcdn.com/thumbnails/remote/492x492ex/image/vendor_inventory/6439/325aa6fb1dbe64c1063dd60cefe87af1ae33c9e5b0081ace19ce1a021813.png\",\"https://thumbnail.coupangcdn.com/thumbnails/remote/492x492ex/image/vendor_inventory/ce86/cc5d97387039c95869d104b3940da955dbe0b4df4e0df35723b499046e4a.png\",\"https://thumbnail.coupangcdn.com/thumbnails/remote/492x492ex/image/vendor_inventory/358b/6539bd8e4b3236ba7428b02dc4bbcd93ebb38f5ebdec07b8525a34a7d71d.png\"],\"description\":\"쿠팡에서 삼시세끼연구소 최북단 연평도 조업 살이 단단한 25년 햇꽃게 활 꽃게 숫꽃게 생물, 1kg, 1세트 구매하고 더 많은 혜택을 받으세요! 지금 할인중인 다른 꽃게 제품도 바로 쿠팡에서 확인할 수 있습니다.\",\"offers\":{\"priceCurrency\":\"KRW\",\"shippingDetails\":{\"shippingRate\":{\"@type\":\"MonetaryAmount\",\"value\":\"0\",\"currency\":\"KRW\"},\"@type\":\"OfferShippingDetails\",\"shippingDestination\":{\"addressCountry\":\"KR\",\"@type\":\"DefinedRegion\",\"addressRegion\":[\"Seoul\"]}},\"priceSpecification\":{\"priceCurrency\":\"KRW\",\"@type\":\"UnitPriceSpecification\",\"price\":\"39900\",\"priceType\":\"https://schema.org/StrikethroughPrice\"},\"@type\":\"Offer\",\"price\":\"29900\",\"availability\":\"https://schema.org/InStock\",\"url\":\"https://www.coupang.com/vp/products/9007354491\"},\"aggregateRating\":{\"@type\":\"AggregateRating\",\"ratingValue\":4.8,\"ratingCount\":\"30\"}}"])</script><script>self.__next_f.push([1,"18:[\"$\",\"$L19\",null,{\"domain\":\"sdp\",\"beacons\":[\"sdp_product\",\"sdp_atf\",\"sdp_price\",\"sdp_option_table\",\"sdp_options\",\"sdp_order\"],\"optionalBeacons\":[\"sdp_btf\",\"sdp_simple_btf\",\"sdp_product_image\",\"sdp_fashion_option\",\"sdp_instant_option\",\"sdp_option_picker\",\"sdp_quantity\",\"sdp_add_to_cart\",\"sdp_direct_purchase\"],\"children\":[[false,[\"$\",\"title\",null,{\"children\":\"삼시세끼연구소 최북단 연평도 조업 살이 단단한 25년 햇꽃게 활 꽃게 숫꽃게 생물, 1kg, 1세트 - 꽃게 | 쿠팡\"}],[\"$\",\"meta\",null,{\"name\":\"description\",\"content\":\"쿠팡에서 삼시세끼연구소 최북단 연평도 조업 살이 단단한 25년 햇꽃게 활 꽃게 숫꽃게 생물, 1kg, 1세트 구매하고 더 많은 혜택을 받으세요! 지금 할인중인 다른 꽃게 제품도 바로 쿠팡에서 확인할 수 있습니다.\"}],[\"$\",\"meta\",null,{\"property\":\"og:title\",\"content\":\"삼시세끼연구소 최북단 연평도 조업 살이 단단한 25년 햇꽃게 활 꽃게 숫꽃게 생물, 1kg, 1세트 - 꽃게 | 쿠팡\"}],[\"$\",\"meta\",null,{\"property\":\"og:description\",\"content\":\"쿠팡에서 삼시세끼연구소 최북단 연평도 조업 살이 단단한 25년 햇꽃게 활 꽃게 숫꽃게 생물, 1kg, 1세트 구매하고 더 많은 혜택을 받으세요! 지금 할인중인 다른 꽃게 제품도 바로 쿠팡에서 확인할 수 있습니다.\"}],[\"$\",\"meta\",null,{\"property\":\"og:url\",\"content\":\"https://www.coupang.com/vp/products/9007354491\"}],[\"$\",\"meta\",null,{\"property\":\"og:image\",\"content\":\"//thumbnail.coupangcdn.com/thumbnails/remote/492x492ex/image/vendor_inventory/5a29/ad60842847c4ed6704211970e47c500c01d878b4a90050ee599d62a1e1f4.png\"}],[[\"$\",\"meta\",null,{\"property\":\"og:image:width\",\"content\":\"492\"}],[\"$\",\"meta\",null,{\"property\":\"og:image:height\",\"content\":\"492\"}]],[\"$\",\"meta\",null,{\"property\":\"og:type\",\"content\":\"website\"}],[\"$\",\"meta\",null,{\"property\":\"og:locale\",\"content\":\"ko_KR\"}],[\"$\",\"meta\",null,{\"property\":\"og:site_name\",\"content\":\"쿠팡\"}],[\"$\",\"link\",null,{\"rel\":\"canonical\",\"href\":\"https://www.coupang.com/vp/products/9007354491\"}]],[[\"$\",\"script\",null,{\"async\":true,\"src\":\"product\",\"type\":\"application/ld+json\",\"children\":\"$1a\"}],[\"$\",\"script\",null,{\"async\":true,\"src\":\"breadcrumb\",\"type\":\"application/ld+json\",\"children\":\"{\\\"@context\\\":\\\"https://schema.org\\\",\\\"@type\\\":\\\"BreadcrumbList\\\",\\\"itemListElement\\\":[{\\\"@type\\\":\\\"ListItem\\\",\\\"position\\\":1,\\\"name\\\":\\\"쿠팡 홈\\\",\\\"item\\\":\\\"https://www.coupang.com\\\"},[{\\\"@type\\\":\\\"ListItem\\\",\\\"position\\\":2,\\\"name\\\":\\\"식품\\\",\\\"item\\\":\\\"https://www.coupang.com/np/categories/194276\\\"},{\\\"@type\\\":\\\"ListItem\\\",\\\"position\\\":3,\\\"name\\\":\\\"사과식초/땅콩버터 외\\\",\\\"item\\\":\\\"https://www.coupang.com/np/categories/492629\\\"},{\\\"@type\\\":\\\"ListItem\\\",\\\"position\\\":4,\\\"name\\\":\\\"수산물/건어물\\\",\\\"item\\\":\\\"https://www.coupang.com/np/categories/492786\\\"},{\\\"@type\\\":\\\"ListItem\\\",\\\"position\\\":5,\\\"name\\\":\\\"새우/게/갑각류\\\",\\\"item\\\":\\\"https://www.coupang.com/np/categories/492831\\\"},{\\\"@type\\\":\\\"ListItem\\\",\\\"position\\\":6,\\\"name\\\":\\\"꽃게\\\",\\\"item\\\":\\\"https://www.coupang.com/np/categories/492833\\\"}]]}\"}]],[\"$\",\"div\",null,{\"className\":\"sdp-content twc-m-auto twc-min-w-[320px] twc-max-w-[1500px] twc-px-[16px] md:twc-px-[20px] max-[600px]:twc-pb-[58px] twc-border-t-[1px] twc-border-[#dfe3e8]\",\"children\":[[\"$\",\"ul\",null,{\"className\":\"breadcrumb twc-flex twc-items-center twc-text-[12px] twc-flex-wrap\",\"children\":[[\"$\",\"li\",null,{\"className\":\"twc-flex twc-items-center twc-pb-[16px] twc-pt-[12px]\",\"children\":[[\"$\",\"a\",null,{\"href\":\"https://www.coupang.com\",\"className\":\"hover:twc-text-[#008cff] hover:twc-underline\",\"children\":\"쿠팡 홈\"}],[\"$\",\"svg\",null,{\"className\":\"breadcrumb-arrow-icon twc-mx-[4px]\",\"width\":\"12\",\"height\":\"13\",\"viewBox\":\"0 0 12 13\",\"fill\":\"none\",\"xmlns\":\"http://www.w3.org/2000/svg\",\"children\":[\"$\",\"path\",null,{\"d\":\"M3.8859 2.15732C4.0606 1.9717 4.34367 1.94925 4.54434 2.09575L4.59268 2.1359L8.84268 6.1359C9.03746 6.31922 9.05137 6.61975 8.88442 6.81982L8.84268 6.8641L4.59268 10.8641C4.3916 11.0534 4.07516 11.0438 3.8859 10.8427C3.7112 10.6571 3.70593 10.3732 3.86432 10.1817L3.90732 10.1359L7.77 6.50001L3.90732 2.8641C3.7217 2.6894 3.69925 2.40634 3.84575 2.20566L3.8859 2.15732Z\",\"fill\":\"#AAB5C0\"}]}]]}],[[\"$\",\"li\",\"breadcrumb-194176\",{\"className\":\"twc-flex twc-items-center twc-pb-[16px] twc-pt-[12px]\",\"children\":[[\"$\",\"a\",null,{\"className\":\"hover:twc-text-[#008cff] hover:twc-underline\",\"title\":\"식품\",\"href\":\"https://www.coupang.com/np/categories/194276?eventCategory=breadcrumb\",\"children\":\"식품\"}],\"$18:props:children:2:props:children:0:props:children:0:props:children:1\"]}],[\"$\",\"li\",\"breadcrumb-492529\",{\"className\":\"twc-flex twc-items-center twc-pb-[16px] twc-pt-[12px]\",\"children\":[[\"$\",\"a\",null,{\"className\":\"hover:twc-text-[#008cff] hover:twc-underline\",\"title\":\"사과식초/땅콩버터 외\",\"href\":\"https://www.coupang.com/np/categories/492629?eventCategory=breadcrumb\",\"children\":\"사과식초/땅콩버터 외\"}],\"$18:props:children:2:props:children:0:props:children:0:props:children:1\"]}],[\"$\",\"li\",\"breadcrumb-492686\",{\"className\":\"twc-flex twc-items-center twc-pb-[16px] twc-pt-[12px]\",\"children\":[[\"$\",\"a\",null,{\"className\":\"hover:twc-text-[#008cff] hover:twc-underline\",\"title\":\"수산물/건어물\",\"href\":\"https://www.coupang.com/np/categories/492786?eventCategory=breadcrumb\",\"children\":\"수산물/건어물\"}],\"$18:props:children:2:props:children:0:props:children:0:props:children:1\"]}],[\"$\",\"li\",\"breadcrumb-492731\",{\"className\":\"twc-flex twc-items-center twc-pb-[16px] twc-pt-[12px]\",\"children\":[[\"$\",\"a\",null,{\"className\":\"hover:twc-text-[#008cff] hover:twc-underline\",\"title\":\"새우/게/갑각류\",\"href\":\"https://www.coupang.com/np/categories/492831?eventCategory=breadcrumb\",\"children\":\"새우/게/갑각류\"}],\"$18:props:children:2:props:children:0:props:children:0:props:children:1\"]}],[\"$\",\"li\",\"breadcrumb-492733\",{\"className\":\"twc-flex twc-items-center twc-pb-[16px] twc-pt-[12px]\",\"children\":[[\"$\",\"a\",null,{\"className\":\"hover:twc-text-[#008cff] hover:twc-underline\",\"title\":\"꽃게\",\"href\":\"https://www.coupang.com/np/categories/492833?eventCategory=breadcrumb\",\"children\":\"꽃게\"}],false]}]]]}],[\"$\",\"$L1b\",null,{\"atfData\":{\"abFlags\":{\"ab51588\":\"A\",\"delayedPddDesignChange\":\"false\",\"addingDisclaimerForReturnedItems\":\"true\",\"ff3945\":\"B\",\"beautyLuxuryABTest\":\"A\",\"applyNewPostCouponModule\":\"B\",\"jikgu1PWarrantyAB\":\"NOT_APPLICABLE\",\"increaseDefaultReviews\":\"B\",\"applyStrikeCompanyNotice\":\"false\",\"fixBugForPEQA29473\":\"B\",\"applyNewPricePolicy\":\"B\",\"exposeRluxBadge\":\"false\",\"applyPricePolicy\":\"B\",\"applyResponsivePC\":\"B\",\"simplifyCoupayMessage\":\"B\",\"pcUsedBannerTc\":\"B\",\"sdpAtfImageVideoImpression\":\"B\",\"supportMaruBuriFont\":\"false\",\"displayTopReviewAttribute\":\"B\",\"enableSourceTypeMonitoring\":\"B\",\"ab83506\":\"A\",\"pcCeInstantOptionPickerExperiment\":\"B\"},\"accountType\":null,\"additionalData\":{\"officialBrandName\":null,\"whiteBrandLogoUrl\":null,\"isFarfetch\":false,\"isRlux\":false,\"expirationDate\":null},\"adult\":false,\"adultWarning\":null,\"almostSoldOut\":false,\"apiUrlMap\":{\"addToCartUrl\":\"coupang://addCart?itemId=26399590821\u0026productId=9007354491\u0026vendorItemId=93375800911\u0026sourceType=offerDetail\u0026price=29900\u0026sdpVisitKey=x3h120qizu8176q70w\u0026isLoser=false\u0026offerStatus=NEW\",\"shippingConsolidationUrl\":\"/vp/products/9007354491/vendor-items/93375800911/shipping-consolidation-widget-v2?vendorId=A00962419\u0026shippingPlaceId=21741137\"},\"attributeTitle\":\"1세트 · 1kg\",\"authenticity\":null,\"authors\":null,\"badgeMap\":{\"OFFER_BADGE\":{\"helpLink\":\"coupang://popupWebView?hidden=N\u0026url=https%3A%2F%2Fm.coupang.com%2Fvm%2Fproducts%2Fused-status-description\",\"iconUrl\":null,\"showPopup\":false,\"text\":null,\"type\":\"TEXT\"},\"USAGE_BADGE\":{\"helpLink\":\"coupang://popupWebView?hidden=N\u0026url=https%3A%2F%2Fm.coupang.com%2Fvm%2Fproducts%2Fused-status-description\",\"iconUrl\":null,\"showPopup\":false,\"text\":null,\"type\":\"TEXT\"}},\"betterOffer\":null,\"bizBadge\":null,\"blockInfo\":null,\"brand\":\"\",\"brandShopAuthenticityBadgeUrl\":null,\"brandShopLogoUrl\":null,\"brandShopPlusUrl\":null,\"bundleOption\":{\"optionDetails\":null,\"options\":[],\"viewType\":null},\"buyableQuantity\":50,\"cashBackSummary\":{\"basicCashBackList\":[{\"amount\":299,\"benefit\":\"쿠페이 머니 결제 시 1% 적립\",\"expired\":false,\"i18nAmount\":{\"amount\":\"299\",\"currency\":\"KRW\",\"fractionDigits\":0,\"rawAmount\":299},\"leftDays\":null,\"rate\":\"1\",\"type\":\"BASIC\",\"validity\":\"월 최대 1만원\"}],\"basicRocketPayCashAmt\":299,\"basicRocketPayRate\":\"1\",\"cashBackTitle\":\"캐시적립 혜택\",\"cashIconUrl\":\"https://image.coupangcdn.com/image/badges/cashback/web/list-cash-icon@2x.png\",\"cashWidgetIconUrl\":\"https://image.coupangcdn.com/image/badges/sdp/cashback/web/cash-icon@2x.png\",\"clubMemberCashAmt\":null,\"clubMemberRate\":null,\"clubMemberRewardExpires\":null,\"clubMemberRewardExpiryTime\":null,\"clubMemberRewardLeftDays\":null,\"couPayBankAmt\":598,\"couPayBankExpires\":false,\"couPayBankLeftDays\":1996,\"couPayBankRate\":\"2\",\"couPayMoneyAmt\":1196,\"couPayMoneyExpires\":false,\"couPayMoneyLeftDays\":1996,\"couPayMoneyRate\":\"4\",\"extraCashBackList\":[{\"amount\":598,\"benefit\":\"[로켓와우 + 쿠페이 계좌이체] 결제 시 2% 적립\",\"expired\":false,\"i18nAmount\":{\"amount\":\"598\",\"currency\":\"KRW\",\"fractionDigits\":0,\"rawAmount\":598},\"leftDays\":1996,\"rate\":\"2\",\"type\":\"COU_BANK\",\"validity\":\"이벤트 기간 30일, 최대 2만원\"},{\"amount\":1196,\"benefit\":\"[로켓와우 + 쿠페이 머니] 결제 시 4% 추가적립\",\"expired\":false,\"i18nAmount\":{\"amount\":\"1196\",\"currency\":\"KRW\",\"fractionDigits\":0,\"rawAmount\":1196},\"leftDays\":1996,\"rate\":\"4\",\"type\":\"COU_MONEY\",\"validity\":\"이벤트 기간 30일, 최대 4만원\"}],\"finalCashBackAmt\":1495,\"finalCashBackAmtIncludeRewardCashAmount\":1495,\"giftRewardCashAmount\":null,\"i18nBasicRocketPayCashAmt\":{\"amount\":\"299\",\"currency\":\"KRW\",\"fractionDigits\":0,\"rawAmount\":299},\"i18nClubMemberCashAmt\":null,\"i18nCouPayBankAmt\":{\"amount\":\"598\",\"currency\":\"KRW\",\"fractionDigits\":0,\"rawAmount\":598},\"i18nCouPayMoneyAmt\":{\"amount\":\"1196\",\"currency\":\"KRW\",\"fractionDigits\":0,\"rawAmount\":1196},\"i18nFinalCashBackAmt\":{\"amount\":\"1495\",\"currency\":\"KRW\",\"fractionDigits\":0,\"rawAmount\":1495},\"i18nFinalCashBackAmtIncludeRewardCashAmount\":{\"amount\":\"1495\",\"currency\":\"KRW\",\"fractionDigits\":0,\"rawAmount\":1495},\"i18nRewardCashAmount\":null,\"inBookCategory\":null,\"luxuryItem\":false,\"popupType\":\"WITHEXTRA\",\"rewardCashAmount\":null,\"targetedPromotionBanner\":null},\"category\":null,\"ccidEligible\":false,\"ccidInfo\":null,\"countryOfOrigin\":\"원산지: 국내산(연평도 100%)\",\"couponList\":[],\"dawnOnly\":false,\"deliveryAttribute\":false,\"detailProductType\":null,\"discountBenefitDescription\":null,\"discountBenefitDescriptionList\":null,\"easePayment\":{\"digitPwdIcon\":\"https://image.coupangcdn.com/image/coupang/common/payment/passcode_lock_color@4x.png\",\"digitPwdText\":\"6자리 비밀번호 최초 1회 등록 시\",\"easePaymentMessageForRegABTestOption\":\"B\",\"easyPaymentText\":\"안전하게 간편 결제\",\"list\":[{\"icon\":\"https://image.coupangcdn.com/image/coupang/common/payment/coupaymoney_color@4x.png\",\"text\":\"쿠페이머니\"},{\"icon\":\"https://image.coupangcdn.com/image/coupang/common/payment/card_color@4x.png\",\"text\":\"카드\"},{\"icon\":\"https://image.coupangcdn.com/image/coupang/common/payment/bankbook_color@4x.png\",\"text\":\"계좌이체\"}],\"title\":\"PC에서도 간편한 결제\"},\"familyAndFriends\":false,\"freshEligible\":false,\"giftcard\":false,\"globalCCIDInfo\":null,\"globalInstallmentInfo\":null,\"goldFish\":false,\"hasBrandShop\":false,\"highlights\":[],\"images\":[{\"detailImage\":\"//thumbnail.coupangcdn.com/thumbnails/remote/492x492ex/image/vendor_inventory/5a29/ad60842847c4ed6704211970e47c500c01d878b4a90050ee599d62a1e1f4.png\",\"origin\":\"//image.coupangcdn.com/image/vendor_inventory/5a29/ad60842847c4ed6704211970e47c500c01d878b4a90050ee599d62a1e1f4.png\",\"preloadImage\":\"//thumbnail.coupangcdn.com/thumbnails/remote/230x230ex/image/vendor_inventory/5a29/ad60842847c4ed6704211970e47c500c01d878b4a90050ee599d62a1e1f4.png\",\"thumbnailImage\":\"//thumbnail.coupangcdn.com/thumbnails/remote/48x48ex/image/vendor_inventory/5a29/ad60842847c4ed6704211970e47c500c01d878b4a90050ee599d62a1e1f4.png\"},{\"detailImage\":\"//thumbnail.coupangcdn.com/thumbnails/remote/492x492ex/image/vendor_inventory/a684/99287514f9add60ee37af25232b4745a29509d01457867e5eb84dfdbfe00.png\",\"origin\":\"//image.coupangcdn.com/image/vendor_inventory/a684/99287514f9add60ee37af25232b4745a29509d01457867e5eb84dfdbfe00.png\",\"preloadImage\":\"//thumbnail.coupangcdn.com/thumbnails/remote/230x230ex/image/vendor_inventory/a684/99287514f9add60ee37af25232b4745a29509d01457867e5eb84dfdbfe00.png\",\"thumbnailImage\":\"//thumbnail.coupangcdn.com/thumbnails/remote/48x48ex/image/vendor_inventory/a684/99287514f9add60ee37af25232b4745a29509d01457867e5eb84dfdbfe00.png\"},{\"detailImage\":\"//thumbnail.coupangcdn.com/thumbnails/remote/492x492ex/image/vendor_inventory/be46/628421a2f405c364a5c281e3c395061e7912a531813c968310e53115afa2.png\",\"origin\":\"//image.coupangcdn.com/image/vendor_inventory/be46/628421a2f405c364a5c281e3c395061e7912a531813c968310e53115afa2.png\",\"preloadImage\":\"//thumbnail.coupangcdn.com/thumbnails/remote/230x230ex/image/vendor_inventory/be46/628421a2f405c364a5c281e3c395061e7912a531813c968310e53115afa2.png\",\"thumbnailImage\":\"//thumbnail.coupangcdn.com/thumbnails/remote/48x48ex/image/vendor_inventory/be46/628421a2f405c364a5c281e3c395061e7912a531813c968310e53115afa2.png\"},{\"detailImage\":\"//thumbnail.coupangcdn.com/thumbnails/remote/492x492ex/image/vendor_inventory/3960/b4304a024c951b12f43eba227274934cbdd5f2e2685c399b3a21612746aa.png\",\"origin\":\"//image.coupangcdn.com/image/vendor_inventory/3960/b4304a024c951b12f43eba227274934cbdd5f2e2685c399b3a21612746aa.png\",\"preloadImage\":\"//thumbnail.coupangcdn.com/thumbnails/remote/230x230ex/image/vendor_inventory/3960/b4304a024c951b12f43eba227274934cbdd5f2e2685c399b3a21612746aa.png\",\"thumbnailImage\":\"//thumbnail.coupangcdn.com/thumbnails/remote/48x48ex/image/vendor_inventory/3960/b4304a024c951b12f43eba227274934cbdd5f2e2685c399b3a21612746aa.png\"},{\"detailImage\":\"//thumbnail.coupangcdn.com/thumbnails/remote/492x492ex/image/vendor_inventory/4321/1ebe96e45a023dcdc9bd41bdcec4bb24db736e62034e8d9a9acca205a6ff.png\",\"origin\":\"//image.coupangcdn.com/image/vendor_inventory/4321/1ebe96e45a023dcdc9bd41bdcec4bb24db736e62034e8d9a9acca205a6ff.png\",\"preloadImage\":\"//thumbnail.coupangcdn.com/thumbnails/remote/230x230ex/image/vendor_inventory/4321/1ebe96e45a023dcdc9bd41bdcec4bb24db736e62034e8d9a9acca205a6ff.png\",\"thumbnailImage\":\"//thumbnail.coupangcdn.com/thumbnails/remote/48x48ex/image/vendor_inventory/4321/1ebe96e45a023dcdc9bd41bdcec4bb24db736e62034e8d9a9acca205a6ff.png\"},{\"detailImage\":\"//thumbnail.coupangcdn.com/thumbnails/remote/492x492ex/image/vendor_inventory/372d/1ba18192cd70d33410850d582cd31bf20e46a50335ce6018f71e9ad31b70.png\",\"origin\":\"//image.coupangcdn.com/image/vendor_inventory/372d/1ba18192cd70d33410850d582cd31bf20e46a50335ce6018f71e9ad31b70.png\",\"preloadImage\":\"//thumbnail.coupangcdn.com/thumbnails/remote/230x230ex/image/vendor_inventory/372d/1ba18192cd70d33410850d582cd31bf20e46a50335ce6018f71e9ad31b70.png\",\"thumbnailImage\":\"//thumbnail.coupangcdn.com/thumbnails/remote/48x48ex/image/vendor_inventory/372d/1ba18192cd70d33410850d582cd31bf20e46a50335ce6018f71e9ad31b70.png\"},{\"detailImage\":\"//thumbnail.coupangcdn.com/thumbnails/remote/492x492ex/image/vendor_inventory/ba7d/2857ae92b2a1db38b4990cf4f23a75773cf2c3003bd8df877a6a62d578e7.png\",\"origin\":\"//image.coupangcdn.com/image/vendor_inventory/ba7d/2857ae92b2a1db38b4990cf4f23a75773cf2c3003bd8df877a6a62d578e7.png\",\"preloadImage\":\"//thumbnail.coupangcdn.com/thumbnails/remote/230x230ex/image/vendor_inventory/ba7d/2857ae92b2a1db38b4990cf4f23a75773cf2c3003bd8df877a6a62d578e7.png\",\"thumbnailImage\":\"//thumbnail.coupangcdn.com/thumbnails/remote/48x48ex/image/vendor_inventory/ba7d/2857ae92b2a1db38b4990cf4f23a75773cf2c3003bd8df877a6a62d578e7.png\"},{\"detailImage\":\"//thumbnail.coupangcdn.com/thumbnails/remote/492x492ex/image/vendor_inventory/6439/325aa6fb1dbe64c1063dd60cefe87af1ae33c9e5b0081ace19ce1a021813.png\",\"origin\":\"//image.coupangcdn.com/image/vendor_inventory/6439/325aa6fb1dbe64c1063dd60cefe87af1ae33c9e5b0081ace19ce1a021813.png\",\"preloadImage\":\"//thumbnail.coupangcdn.com/thumbnails/remote/230x230ex/image/vendor_inventory/6439/325aa6fb1dbe64c1063dd60cefe87af1ae33c9e5b0081ace19ce1a021813.png\",\"thumbnailImage\":\"//thumbnail.coupangcdn.com/thumbnails/remote/48x48ex/image/vendor_inventory/6439/325aa6fb1dbe64c1063dd60cefe87af1ae33c9e5b0081ace19ce1a021813.png\"},{\"detailImage\":\"//thumbnail.coupangcdn.com/thumbnails/remote/492x492ex/image/vendor_inventory/ce86/cc5d97387039c95869d104b3940da955dbe0b4df4e0df35723b499046e4a.png\",\"origin\":\"//image.coupangcdn.com/image/vendor_inventory/ce86/cc5d97387039c95869d104b3940da955dbe0b4df4e0df35723b499046e4a.png\",\"preloadImage\":\"//thumbnail.coupangcdn.com/thumbnails/remote/230x230ex/image/vendor_inventory/ce86/cc5d97387039c95869d104b3940da955dbe0b4df4e0df35723b499046e4a.png\",\"thumbnailImage\":\"//thumbnail.coupangcdn.com/thumbnails/remote/48x48ex/image/vendor_inventory/ce86/cc5d97387039c95869d104b3940da955dbe0b4df4e0df35723b499046e4a.png\"},{\"detailImage\":\"//thumbnail.coupangcdn.com/thumbnails/remote/492x492ex/image/vendor_inventory/358b/6539bd8e4b3236ba7428b02dc4bbcd93ebb38f5ebdec07b8525a34a7d71d.png\",\"origin\":\"//image.coupangcdn.com/image/vendor_inventory/358b/6539bd8e4b3236ba7428b02dc4bbcd93ebb38f5ebdec07b8525a34a7d71d.png\",\"preloadImage\":\"//thumbnail.coupangcdn.com/thumbnails/remote/230x230ex/image/vendor_inventory/358b/6539bd8e4b3236ba7428b02dc4bbcd93ebb38f5ebdec07b8525a34a7d71d.png\",\"thumbnailImage\":\"//thumbnail.coupangcdn.com/thumbnails/remote/48x48ex/image/vendor_inventory/358b/6539bd8e4b3236ba7428b02dc4bbcd93ebb38f5ebdec07b8525a34a7d71d.png\"}],\"invalid\":false,\"inventory\":null,\"itemId\":26399590821,\"itemName\":\"삼시세끼연구소 최북단 연평도 조업 살이 단단한 25년 햇꽃게 활 꽃게 숫꽃게 생물, 1세트, 1kg\",\"lapseFloatingNudgeVo\":null,\"leafCategoryInfo\":{\"categoryId\":1564,\"componentId\":null,\"name\":\"새우/게/갑각류\",\"parentsCategoryNames\":[\"수산물/건어물\",\"신선식품\",\"식품\",\"KAN\",\"HOME\"]},\"limitNoticeVo\":null,\"linkedVendorItemInfo\":null,\"luxuryDiscountBenefit\":null,\"memberInfo\":{\"eligibleAddress\":true,\"loyaltyMember\":false,\"loyaltyMemberExcludePseudoMember\":false,\"memberName\":null,\"onHoldMember\":false,\"pseudoMember\":false,\"redCarpetPromotionPopupInfoVo\":null,\"withdraw\":false,\"withdrawOrOnHold\":false},\"moduleData\":null,\"offerBanner\":null,\"offerDescription\":\"\",\"options\":{\"attributeVendorItemMap\":{\"3996767284,3166106933\":{\"additionalData\":null,\"almostSoldOut\":false,\"apiUrlMap\":{\"addToCartUrl\":\"coupang://addCart?itemId=26399590825\u0026productId=9007354491\u0026vendorItemId=93375800912\u0026sourceType=offerDetail\u0026price=97900\u0026sdpVisitKey=\u0026isLoser=false\u0026offerStatus=NEW\",\"shippingConsolidationUrl\":\"/vp/products/9007354491/vendor-items/93375800912/shipping-consolidation-widget-v2?vendorId=A00962419\u0026shippingPlaceId=21741137\"},\"attributeTitle\":null,\"authenticity\":null,\"authors\":null,\"badgeMap\":{},\"bizBadge\":null,\"blockInfo\":null,\"bundleOption\":null,\"buyableQuantity\":50,\"cashBackSummary\":null,\"ccidEligible\":false,\"ccidInfo\":null,\"couponList\":null,\"dawnOnly\":false,\"deliveryAttribute\":false,\"discountBenefitDescription\":null,\"discountBenefitDescriptionList\":null,\"easePayment\":null,\"freshEligible\":false,\"giftcard\":false,\"globalCCIDInfo\":null,\"globalInstallmentInfo\":null,\"goldFish\":false,\"highlights\":null,\"images\":[{\"detailImage\":\"//thumbnail.coupangcdn.com/thumbnails/remote/492x492ex/image/vendor_inventory/5a29/ad60842847c4ed6704211970e47c500c01d878b4a90050ee599d62a1e1f4.png\",\"origin\":\"//image.coupangcdn.com/image/vendor_inventory/5a29/ad60842847c4ed6704211970e47c500c01d878b4a90050ee599d62a1e1f4.png\",\"preloadImage\":\"//thumbnail.coupangcdn.com/thumbnails/remote/230x230ex/image/vendor_inventory/5a29/ad60842847c4ed6704211970e47c500c01d878b4a90050ee599d62a1e1f4.png\",\"thumbnailImage\":\"//thumbnail.coupangcdn.com/thumbnails/remote/48x48ex/image/vendor_inventory/5a29/ad60842847c4ed6704211970e47c500c01d878b4a90050ee599d62a1e1f4.png\"},{\"detailImage\":\"//thumbnail.coupangcdn.com/thumbnails/remote/492x492ex/image/vendor_inventory/a684/99287514f9add60ee37af25232b4745a29509d01457867e5eb84dfdbfe00.png\",\"origin\":\"//image.coupangcdn.com/image/vendor_inventory/a684/99287514f9add60ee37af25232b4745a29509d01457867e5eb84dfdbfe00.png\",\"preloadImage\":\"//thumbnail.coupangcdn.com/thumbnails/remote/230x230ex/image/vendor_inventory/a684/99287514f9add60ee37af25232b4745a29509d01457867e5eb84dfdbfe00.png\",\"thumbnailImage\":\"//thumbnail.coupangcdn.com/thumbnails/remote/48x48ex/image/vendor_inventory/a684/99287514f9add60ee37af25232b4745a29509d01457867e5eb84dfdbfe00.png\"},{\"detailImage\":\"//thumbnail.coupangcdn.com/thumbnails/remote/492x492ex/image/vendor_inventory/be46/628421a2f405c364a5c281e3c395061e7912a531813c968310e53115afa2.png\",\"origin\":\"//image.coupangcdn.com/image/vendor_inventory/be46/628421a2f405c364a5c281e3c395061e7912a531813c968310e53115afa2.png\",\"preloadImage\":\"//thumbnail.coupangcdn.com/thumbnails/remote/230x230ex/image/vendor_inventory/be46/628421a2f405c364a5c281e3c395061e7912a531813c968310e53115afa2.png\",\"thumbnailImage\":\"//thumbnail.coupangcdn.com/thumbnails/remote/48x48ex/image/vendor_inventory/be46/628421a2f405c364a5c281e3c395061e7912a531813c968310e53115afa2.png\"},{\"detailImage\":\"//thumbnail.coupangcdn.com/thumbnails/remote/492x492ex/image/vendor_inventory/3960/b4304a024c951b12f43eba227274934cbdd5f2e2685c399b3a21612746aa.png\",\"origin\":\"//image.coupangcdn.com/image/vendor_inventory/3960/b4304a024c951b12f43eba227274934cbdd5f2e2685c399b3a21612746aa.png\",\"preloadImage\":\"//thumbnail.coupangcdn.com/thumbnails/remote/230x230ex/image/vendor_inventory/3960/b4304a024c951b12f43eba227274934cbdd5f2e2685c399b3a21612746aa.png\",\"thumbnailImage\":\"//thumbnail.coupangcdn.com/thumbnails/remote/48x48ex/image/vendor_inventory/3960/b4304a024c951b12f43eba227274934cbdd5f2e2685c399b3a21612746aa.png\"},{\"detailImage\":\"//thumbnail.coupangcdn.com/thumbnails/remote/492x492ex/image/vendor_inventory/4321/1ebe96e45a023dcdc9bd41bdcec4bb24db736e62034e8d9a9acca205a6ff.png\",\"origin\":\"//image.coupangcdn.com/image/vendor_inventory/4321/1ebe96e45a023dcdc9bd41bdcec4bb24db736e62034e8d9a9acca205a6ff.png\",\"preloadImage\":\"//thumbnail.coupangcdn.com/thumbnails/remote/230x230ex/image/vendor_inventory/4321/1ebe96e45a023dcdc9bd41bdcec4bb24db736e62034e8d9a9acca205a6ff.png\",\"thumbnailImage\":\"//thumbnail.coupangcdn.com/thumbnails/remote/48x48ex/image/vendor_inventory/4321/1ebe96e45a023dcdc9bd41bdcec4bb24db736e62034e8d9a9acca205a6ff.png\"},{\"detailImage\":\"//thumbnail.coupangcdn.com/thumbnails/remote/492x492ex/image/vendor_inventory/372d/1ba18192cd70d33410850d582cd31bf20e46a50335ce6018f71e9ad31b70.png\",\"origin\":\"//image.coupangcdn.com/image/vendor_inventory/372d/1ba18192cd70d33410850d582cd31bf20e46a50335ce6018f71e9ad31b70.png\",\"preloadImage\":\"//thumbnail.coupangcdn.com/thumbnails/remote/230x230ex/image/vendor_inventory/372d/1ba18192cd70d33410850d582cd31bf20e46a50335ce6018f71e9ad31b70.png\",\"thumbnailImage\":\"//thumbnail.coupangcdn.com/thumbnails/remote/48x48ex/image/vendor_inventory/372d/1ba18192cd70d33410850d582cd31bf20e46a50335ce6018f71e9ad31b70.png\"},{\"detailImage\":\"//thumbnail.coupangcdn.com/thumbnails/remote/492x492ex/image/vendor_inventory/ba7d/2857ae92b2a1db38b4990cf4f23a75773cf2c3003bd8df877a6a62d578e7.png\",\"origin\":\"//image.coupangcdn.com/image/vendor_inventory/ba7d/2857ae92b2a1db38b4990cf4f23a75773cf2c3003bd8df877a6a62d578e7.png\",\"preloadImage\":\"//thumbnail.coupangcdn.com/thumbnails/remote/230x230ex/image/vendor_inventory/ba7d/2857ae92b2a1db38b4990cf4f23a75773cf2c3003bd8df877a6a62d578e7.png\",\"thumbnailImage\":\"//thumbnail.coupangcdn.com/thumbnails/remote/48x48ex/image/vendor_inventory/ba7d/2857ae92b2a1db38b4990cf4f23a75773cf2c3003bd8df877a6a62d578e7.png\"},{\"detailImage\":\"//thumbnail.coupangcdn.com/thumbnails/remote/492x492ex/image/vendor_inventory/6439/325aa6fb1dbe64c1063dd60cefe87af1ae33c9e5b0081ace19ce1a021813.png\",\"origin\":\"//image.coupangcdn.com/image/vendor_inventory/6439/325aa6fb1dbe64c1063dd60cefe87af1ae33c9e5b0081ace19ce1a021813.png\",\"preloadImage\":\"//thumbnail.coupangcdn.com/thumbnails/remote/230x230ex/image/vendor_inventory/6439/325aa6fb1dbe64c1063dd60cefe87af1ae33c9e5b0081ace19ce1a021813.png\",\"thumbnailImage\":\"//thumbnail.coupangcdn.com/thumbnails/remote/48x48ex/image/vendor_inventory/6439/325aa6fb1dbe64c1063dd60cefe87af1ae33c9e5b0081ace19ce1a021813.png\"},{\"detailImage\":\"//thumbnail.coupangcdn.com/thumbnails/remote/492x492ex/image/vendor_inventory/ce86/cc5d97387039c95869d104b3940da955dbe0b4df4e0df35723b499046e4a.png\",\"origin\":\"//image.coupangcdn.com/image/vendor_inventory/ce86/cc5d97387039c95869d104b3940da955dbe0b4df4e0df35723b499046e4a.png\",\"preloadImage\":\"//thumbnail.coupangcdn.com/thumbnails/remote/230x230ex/image/vendor_inventory/ce86/cc5d97387039c95869d104b3940da955dbe0b4df4e0df35723b499046e4a.png\",\"thumbnailImage\":\"//thumbnail.coupangcdn.com/thumbnails/remote/48x48ex/image/vendor_inventory/ce86/cc5d97387039c95869d104b3940da955dbe0b4df4e0df35723b499046e4a.png\"},{\"detailImage\":\"//thumbnail.coupangcdn.com/thumbnails/remote/492x492ex/image/vendor_inventory/358b/6539bd8e4b3236ba7428b02dc4bbcd93ebb38f5ebdec07b8525a34a7d71d.png\",\"origin\":\"//image.coupangcdn.com/image/vendor_inventory/358b/6539bd8e4b3236ba7428b02dc4bbcd93ebb38f5ebdec07b8525a34a7d71d.png\",\"preloadImage\":\"//thumbnail.coupangcdn.com/thumbnails/remote/230x230ex/image/vendor_inventory/358b/6539bd8e4b3236ba7428b02dc4bbcd93ebb38f5ebdec07b8525a34a7d71d.png\",\"thumbnailImage\":\"//thumbnail.coupangcdn.com/thumbnails/remote/48x48ex/image/vendor_inventory/358b/6539bd8e4b3236ba7428b02dc4bbcd93ebb38f5ebdec07b8525a34a7d71d.png\"}],\"invalid\":false,\"inventory\":null,\"itemId\":26399590825,\"itemName\":\"삼시세끼연구소 최북단 연평도 조업 살이 단단한 25년 햇꽃게 활 꽃게 숫꽃게 생물, 1세트, 4kg\",\"limitNoticeVo\":null,\"linkedVendorItemInfo\":null,\"luxuryDiscountBenefit\":null,\"memberInfo\":null,\"offerBanner\":null,\"offerDescription\":null,\"otherSellerCount\":null,\"parentItemId\":null,\"preOrderVo\":null,\"quantityBase\":[{\"abFlags\":{\"applyExtremeProminenceFreeDeliveryMessages\":\"A\",\"jikgu1PWarrantyAB\":\"NOT_APPLICABLE\"},\"appliedCoupon\":null,\"benefitDisplayType\":null,\"bundleOption\":null,\"cashBackSummary\":null,\"delivery\":{\"badgeUrl\":null,\"company\":null,\"companyLabel\":null,\"countDownMessage\":null,\"countDownMillisecond\":null,\"delayMessage\":null,\"deliveryExtraInfo\":null,\"deliveryNotice\":null,\"deliveryReminderMessage\":null,\"descriptionBadge\":null,\"descriptionIcon\":null,\"descriptions\":\"\u003cem class='prod-txt-onyx prod-txt-font-14'\u003e모레(금) 9/12\u003c/em\u003e\u003cem class='prod-txt-onyx'\u003e 도착 예정 (판매자배송)\u003c/em\u003e\",\"extremeDescriptions\":null,\"hideQuestionMark\":false,\"logistics\":false,\"loyaltyButtonText\":null,\"rocketWowQuestionMark\":false,\"speedType\":null,\"title\":null,\"type\":\"VENDOR_DELIVERY\"},\"deliveryList\":[{\"badgeUrl\":null,\"company\":null,\"companyLabel\":null,\"countDownMessage\":null,\"countDownMillisecond\":null,\"delayMessage\":null,\"deliveryExtraInfo\":null,\"deliveryNotice\":null,\"deliveryReminderMessage\":null,\"descriptionBadge\":null,\"descriptionIcon\":null,\"descriptions\":\"\u003cem class='prod-txt-onyx prod-txt-font-14'\u003e모레(금) 9/12\u003c/em\u003e\u003cem class='prod-txt-onyx'\u003e 도착 예정 (판매자배송)\u003c/em\u003e\",\"extremeDescriptions\":null,\"hideQuestionMark\":false,\"logistics\":false,\"loyaltyButtonText\":null,\"rocketWowQuestionMark\":false,\"speedType\":null,\"title\":null,\"type\":\"VENDOR_DELIVERY\"}],\"freebieBenefit\":null,\"freebieBenefitV2\":null,\"freebiePromotions\":null,\"moduleData\":null,\"price\":{\"cashPromotionMessage\":null,\"couponDiscountAmount\":null,\"couponPrice\":\"97,900\",\"couponPriceTitle\":\"\",\"couponUnitPrice\":\"100g당 2,448원\",\"description\":null,\"discountRate\":\"37\",\"finalPrice\":\"97,900\",\"gppuPricePolicy\":[{\"description\":\"업체의 권장소비자가 또는 공식 판매처 판매가 또는 도서 정가(도서 정가제 대상인 경우)입니다. 해당 가격이 없는 경우 90일 내 쿠팡에서 판매된 가격 중 가장 높은 가격을 표시합니다.\",\"priceInfo\":\"\u003cspan class='discount-rate'\u003e37%\u003c/span\u003e\u003cspan class='origin-price'\u003e156,000원\u003c/span\u003e\"}],\"hasNormalCouponDiscount\":false,\"hasNormalInstantDiscount\":false,\"hasWowCouponDiscount\":false,\"hasWowInstantDiscount\":false,\"i18nCouponDiscountAmount\":null,\"i18nCouponPrice\":{\"amount\":\"97900\",\"currency\":\"KRW\",\"fractionDigits\":0,\"rawAmount\":null},\"i18nOriginPrice\":{\"amount\":\"156000\",\"currency\":\"KRW\",\"fractionDigits\":0,\"rawAmount\":null},\"i18nPriceAmount\":null,\"i18nSalePrice\":{\"amount\":\"97900\",\"currency\":\"KRW\",\"fractionDigits\":0,\"rawAmount\":null},\"instantDiscount\":false,\"instantPriceType\":null,\"loyaltyButtonText\":null,\"loyaltyRegistrationUrl\":null,\"originPrice\":\"156,000\",\"originalPriceDesc\":null,\"priceAmount\":null,\"salePrice\":\"97,900\",\"salePriceTitle\":\"\",\"saleUnitPrice\":\"100g당 2,448원\",\"title\":null,\"type\":null,\"unitDiscountRate\":null,\"unitPrice\":null,\"wowCouponDiscount\":false},\"priceList\":[{\"cashPromotionMessage\":null,\"couponDiscountAmount\":null,\"couponPrice\":null,\"couponPriceTitle\":null,\"couponUnitPrice\":null,\"description\":null,\"discountRate\":null,\"finalPrice\":null,\"gppuPricePolicy\":null,\"hasNormalCouponDiscount\":false,\"hasNormalInstantDiscount\":false,\"hasWowCouponDiscount\":false,\"hasWowInstantDiscount\":false,\"i18nCouponDiscountAmount\":null,\"i18nCouponPrice\":null,\"i18nOriginPrice\":null,\"i18nPriceAmount\":{\"amount\":\"97900\",\"currency\":\"KRW\",\"fractionDigits\":0,\"rawAmount\":null},\"i18nSalePrice\":null,\"instantDiscount\":null,\"instantPriceType\":null,\"loyaltyButtonText\":null,\"loyaltyRegistrationUrl\":null,\"originPrice\":null,\"originalPriceDesc\":null,\"priceAmount\":\"97,900\",\"salePrice\":null,\"salePriceTitle\":null,\"saleUnitPrice\":null,\"title\":\"쿠팡판매가\",\"type\":\"SALES\",\"unitDiscountRate\":null,\"unitPrice\":\"100g당 2,448원\",\"wowCouponDiscount\":false}],\"priceUnit\":\"원\",\"quantity\":1,\"quantityLimitationVO\":null,\"selectedIndex\":0,\"shipmentDisplayType\":\"NORMAL\",\"shippingFee\":{\"dividerIcon\":null,\"extremeMessage\":null,\"freeShippingConditionMessage\":null,\"message\":\"\u003cem class='prod-txt-bold'\u003e무료배송\u003c/em\u003e\",\"popupFreeShippingConditionMessage\":null,\"returnFeeMessage\":null,\"shippingFee\":\"0\",\"shippingFeeIcon\":null,\"shippingFeeType\":\"FREE\",\"title\":null,\"titleIcon\":null},\"shippingFeeList\":[{\"dividerIcon\":null,\"extremeMessage\":null,\"freeShippingConditionMessage\":null,\"message\":\"\u003cem class='prod-txt-bold'\u003e무료배송\u003c/em\u003e\",\"popupFreeShippingConditionMessage\":null,\"returnFeeMessage\":null,\"shippingFee\":null,\"shippingFeeIcon\":null,\"shippingFeeType\":\"FREE\",\"title\":null,\"titleIcon\":null}],\"subscriptionDelivery\":null,\"subscriptionDiscountRate\":-1,\"subscriptionPrice\":null,\"subscriptionPriceList\":[],\"wowOnlyInstantDiscountRate\":0}],\"restockNotification\":false,\"retail\":false,\"rocketLuxuryDisclaimer\":null,\"roleCode\":null,\"ruleBasedTitle\":null,\"sellingInfoVo\":null,\"shippingConsolidationLink\":null,\"soldOut\":false,\"stickBanners\":null,\"subscribeInfo\":null,\"summary\":null,\"supplier\":null,\"topSellingInfo\":null,\"used\":false,\"vendor\":null,\"vendorItemId\":93375800912,\"warrantyServiceVo\":null,\"wishList\":false},\"3996765362,3166106933\":{\"additionalData\":null,\"almostSoldOut\":false,\"apiUrlMap\":{\"addToCartUrl\":\"coupang://addCart?itemId=26399590828\u0026productId=9007354491\u0026vendorItemId=93375800914\u0026sourceType=offerDetail\u0026price=54900\u0026sdpVisitKey=\u0026isLoser=false\u0026offerStatus=NEW\",\"shippingConsolidationUrl\":\"/vp/products/9007354491/vendor-items/93375800914/shipping-consolidation-widget-v2?vendorId=A00962419\u0026shippingPlaceId=21741137\"},\"attributeTitle\":null,\"authenticity\":null,\"authors\":null,\"badgeMap\":{},\"bizBadge\":null,\"blockInfo\":null,\"bundleOption\":null,\"buyableQuantity\":50,\"cashBackSummary\":null,\"ccidEligible\":false,\"ccidInfo\":null,\"couponList\":null,\"dawnOnly\":false,\"deliveryAttribute\":false,\"discountBenefitDescription\":null,\"discountBenefitDescriptionList\":null,\"easePayment\":null,\"freshEligible\":false,\"giftcard\":false,\"globalCCIDInfo\":null,\"globalInstallmentInfo\":null,\"goldFish\":false,\"highlights\":null,\"images\":[{\"detailImage\":\"//thumbnail.coupangcdn.com/thumbnails/remote/492x492ex/image/vendor_inventory/5a29/ad60842847c4ed6704211970e47c500c01d878b4a90050ee599d62a1e1f4.png\",\"origin\":\"//image.coupangcdn.com/image/vendor_inventory/5a29/ad60842847c4ed6704211970e47c500c01d878b4a90050ee599d62a1e1f4.png\",\"preloadImage\":\"//thumbnail.coupangcdn.com/thumbnails/remote/230x230ex/image/vendor_inventory/5a29/ad60842847c4ed6704211970e47c500c01d878b4a90050ee599d62a1e1f4.png\",\"thumbnailImage\":\"//thumbnail.coupangcdn.com/thumbnails/remote/48x48ex/image/vendor_inventory/5a29/ad60842847c4ed6704211970e47c500c01d878b4a90050ee599d62a1e1f4.png\"},{\"detailImage\":\"//thumbnail.coupangcdn.com/thumbnails/remote/492x492ex/image/vendor_inventory/a684/99287514f9add60ee37af25232b4745a29509d01457867e5eb84dfdbfe00.png\",\"origin\":\"//image.coupangcdn.com/image/vendor_inventory/a684/99287514f9add60ee37af25232b4745a29509d01457867e5eb84dfdbfe00.png\",\"preloadImage\":\"//thumbnail.coupangcdn.com/thumbnails/remote/230x230ex/image/vendor_inventory/a684/99287514f9add60ee37af25232b4745a29509d01457867e5eb84dfdbfe00.png\",\"thumbnailImage\":\"//thumbnail.coupangcdn.com/thumbnails/remote/48x48ex/image/vendor_inventory/a684/99287514f9add60ee37af25232b4745a29509d01457867e5eb84dfdbfe00.png\"},{\"detailImage\":\"//thumbnail.coupangcdn.com/thumbnails/remote/492x492ex/image/vendor_inventory/be46/628421a2f405c364a5c281e3c395061e7912a531813c968310e53115afa2.png\",\"origin\":\"//image.coupangcdn.com/image/vendor_inventory/be46/628421a2f405c364a5c281e3c395061e7912a531813c968310e53115afa2.png\",\"preloadImage\":\"//thumbnail.coupangcdn.com/thumbnails/remote/230x230ex/image/vendor_inventory/be46/628421a2f405c364a5c281e3c395061e7912a531813c968310e53115afa2.png\",\"thumbnailImage\":\"//thumbnail.coupangcdn.com/thumbnails/remote/48x48ex/image/vendor_inventory/be46/628421a2f405c364a5c281e3c395061e7912a531813c968310e53115afa2.png\"},{\"detailImage\":\"//thumbnail.coupangcdn.com/thumbnails/remote/492x492ex/image/vendor_inventory/3960/b4304a024c951b12f43eba227274934cbdd5f2e2685c399b3a21612746aa.png\",\"origin\":\"//image.coupangcdn.com/image/vendor_inventory/3960/b4304a024c951b12f43eba227274934cbdd5f2e2685c399b3a21612746aa.png\",\"preloadImage\":\"//thumbnail.coupangcdn.com/thumbnails/remote/230x230ex/image/vendor_inventory/3960/b4304a024c951b12f43eba227274934cbdd5f2e2685c399b3a21612746aa.png\",\"thumbnailImage\":\"//thumbnail.coupangcdn.com/thumbnails/remote/48x48ex/image/vendor_inventory/3960/b4304a024c951b12f43eba227274934cbdd5f2e2685c399b3a21612746aa.png\"},{\"detailImage\":\"//thumbnail.coupangcdn.com/thumbnails/remote/492x492ex/image/vendor_inventory/4321/1ebe96e45a023dcdc9bd41bdcec4bb24db736e62034e8d9a9acca205a6ff.png\",\"origin\":\"//image.coupangcdn.com/image/vendor_inventory/4321/1ebe96e45a023dcdc9bd41bdcec4bb24db736e62034e8d9a9acca205a6ff.png\",\"preloadImage\":\"//thumbnail.coupangcdn.com/thumbnails/remote/230x230ex/image/vendor_inventory/4321/1ebe96e45a023dcdc9bd41bdcec4bb24db736e62034e8d9a9acca205a6ff.png\",\"thumbnailImage\":\"//thumbnail.coupangcdn.com/thumbnails/remote/48x48ex/image/vendor_inventory/4321/1ebe96e45a023dcdc9bd41bdcec4bb24db736e62034e8d9a9acca205a6ff.png\"},{\"detailImage\":\"//thumbnail.coupangcdn.com/thumbnails/remote/492x492ex/image/vendor_inventory/372d/1ba18192cd70d33410850d582cd31bf20e46a50335ce6018f71e9ad31b70.png\",\"origin\":\"//image.coupangcdn.com/image/vendor_inventory/372d/1ba18192cd70d33410850d582cd31bf20e46a50335ce6018f71e9ad31b70.png\",\"preloadImage\":\"//thumbnail.coupangcdn.com/thumbnails/remote/230x230ex/image/vendor_inventory/372d/1ba18192cd70d33410850d582cd31bf20e46a50335ce6018f71e9ad31b70.png\",\"thumbnailImage\":\"//thumbnail.coupangcdn.com/thumbnails/remote/48x48ex/image/vendor_inventory/372d/1ba18192cd70d33410850d582cd31bf20e46a50335ce6018f71e9ad31b70.png\"},{\"detailImage\":\"//thumbnail.coupangcdn.com/thumbnails/remote/492x492ex/image/vendor_inventory/ba7d/2857ae92b2a1db38b4990cf4f23a75773cf2c3003bd8df877a6a62d578e7.png\",\"origin\":\"//image.coupangcdn.com/image/vendor_inventory/ba7d/2857ae92b2a1db38b4990cf4f23a75773cf2c3003bd8df877a6a62d578e7.png\",\"preloadImage\":\"//thumbnail.coupangcdn.com/thumbnails/remote/230x230ex/image/vendor_inventory/ba7d/2857ae92b2a1db38b4990cf4f23a75773cf2c3003bd8df877a6a62d578e7.png\",\"thumbnailImage\":\"//thumbnail.coupangcdn.com/thumbnails/remote/48x48ex/image/vendor_inventory/ba7d/2857ae92b2a1db38b4990cf4f23a75773cf2c3003bd8df877a6a62d578e7.png\"},{\"detailImage\":\"//thumbnail.coupangcdn.com/thumbnails/remote/492x492ex/image/vendor_inventory/6439/325aa6fb1dbe64c1063dd60cefe87af1ae33c9e5b0081ace19ce1a021813.png\",\"origin\":\"//image.coupangcdn.com/image/vendor_inventory/6439/325aa6fb1dbe64c1063dd60cefe87af1ae33c9e5b0081ace19ce1a021813.png\",\"preloadImage\":\"//thumbnail.coupangcdn.com/thumbnails/remote/230x230ex/image/vendor_inventory/6439/325aa6fb1dbe64c1063dd60cefe87af1ae33c9e5b0081ace19ce1a021813.png\",\"thumbnailImage\":\"//thumbnail.coupangcdn.com/thumbnails/remote/48x48ex/image/vendor_inventory/6439/325aa6fb1dbe64c1063dd60cefe87af1ae33c9e5b0081ace19ce1a021813.png\"},{\"detailImage\":\"//thumbnail.coupangcdn.com/thumbnails/remote/492x492ex/image/vendor_inventory/ce86/cc5d97387039c95869d104b3940da955dbe0b4df4e0df35723b499046e4a.png\",\"origin\":\"//image.coupangcdn.com/image/vendor_inventory/ce86/cc5d97387039c95869d104b3940da955dbe0b4df4e0df35723b499046e4a.png\",\"preloadImage\":\"//thumbnail.coupangcdn.com/thumbnails/remote/230x230ex/image/vendor_inventory/ce86/cc5d97387039c95869d104b3940da955dbe0b4df4e0df35723b499046e4a.png\",\"thumbnailImage\":\"//thumbnail.coupangcdn.com/thumbnails/remote/48x48ex/image/vendor_inventory/ce86/cc5d97387039c95869d104b3940da955dbe0b4df4e0df35723b499046e4a.png\"},{\"detailImage\":\"//thumbnail.coupangcdn.com/thumbnails/remote/492x492ex/image/vendor_inventory/358b/6539bd8e4b3236ba7428b02dc4bbcd93ebb38f5ebdec07b8525a34a7d71d.png\",\"origin\":\"//image.coupangcdn.com/image/vendor_inventory/358b/6539bd8e4b3236ba7428b02dc4bbcd93ebb38f5ebdec07b8525a34a7d71d.png\",\"preloadImage\":\"//thumbnail.coupangcdn.com/thumbnails/remote/230x230ex/image/vendor_inventory/358b/6539bd8e4b3236ba7428b02dc4bbcd93ebb38f5ebdec07b8525a34a7d71d.png\",\"thumbnailImage\":\"//thumbnail.coupangcdn.com/thumbnails/remote/48x48ex/image/vendor_inventory/358b/6539bd8e4b3236ba7428b02dc4bbcd93ebb38f5ebdec07b8525a34a7d71d.png\"}],\"invalid\":false,\"inventory\":null,\"itemId\":26399590828,\"itemName\":\"삼시세끼연구소 최북단 연평도 조업 살이 단단한 25년 햇꽃게 활 꽃게 숫꽃게 생물, 1세트, 2kg\",\"limitNoticeVo\":null,\"linkedVendorItemInfo\":null,\"luxuryDiscountBenefit\":null,\"memberInfo\":null,\"offerBanner\":null,\"offerDescription\":null,\"otherSellerCount\":null,\"parentItemId\":null,\"preOrderVo\":null,\"quantityBase\":[{\"abFlags\":{\"applyExtremeProminenceFreeDeliveryMessages\":\"A\",\"jikgu1PWarrantyAB\":\"NOT_APPLICABLE\"},\"appliedCoupon\":null,\"benefitDisplayType\":null,\"bundleOption\":null,\"cashBackSummary\":null,\"delivery\":{\"badgeUrl\":null,\"company\":null,\"companyLabel\":null,\"countDownMessage\":null,\"countDownMillisecond\":null,\"delayMessage\":null,\"deliveryExtraInfo\":null,\"deliveryNotice\":null,\"deliveryReminderMessage\":null,\"descriptionBadge\":null,\"descriptionIcon\":null,\"descriptions\":\"\u003cem class='prod-txt-onyx prod-txt-font-14'\u003e모레(금) 9/12\u003c/em\u003e\u003cem class='prod-txt-onyx'\u003e 도착 예정 (판매자배송)\u003c/em\u003e\",\"extremeDescriptions\":null,\"hideQuestionMark\":false,\"logistics\":false,\"loyaltyButtonText\":null,\"rocketWowQuestionMark\":false,\"speedType\":null,\"title\":null,\"type\":\"VENDOR_DELIVERY\"},\"deliveryList\":[{\"badgeUrl\":null,\"company\":null,\"companyLabel\":null,\"countDownMessage\":null,\"countDownMillisecond\":null,\"delayMessage\":null,\"deliveryExtraInfo\":null,\"deliveryNotice\":null,\"deliveryReminderMessage\":null,\"descriptionBadge\":null,\"descriptionIcon\":null,\"descriptions\":\"\u003cem class='prod-txt-onyx prod-txt-font-14'\u003e모레(금) 9/12\u003c/em\u003e\u003cem class='prod-txt-onyx'\u003e 도착 예정 (판매자배송)\u003c/em\u003e\",\"extremeDescriptions\":null,\"hideQuestionMark\":false,\"logistics\":false,\"loyaltyButtonText\":null,\"rocketWowQuestionMark\":false,\"speedType\":null,\"title\":null,\"type\":\"VENDOR_DELIVERY\"}],\"freebieBenefit\":null,\"freebieBenefitV2\":null,\"freebiePromotions\":null,\"moduleData\":null,\"price\":{\"cashPromotionMessage\":null,\"couponDiscountAmount\":null,\"couponPrice\":\"54,900\",\"couponPriceTitle\":\"\",\"couponUnitPrice\":\"100g당 2,745원\",\"description\":null,\"discountRate\":\"31\",\"finalPrice\":\"54,900\",\"gppuPricePolicy\":[{\"description\":\"업체의 권장소비자가 또는 공식 판매처 판매가 또는 도서 정가(도서 정가제 대상인 경우)입니다. 해당 가격이 없는 경우 90일 내 쿠팡에서 판매된 가격 중 가장 높은 가격을 표시합니다.\",\"priceInfo\":\"\u003cspan class='discount-rate'\u003e31%\u003c/span\u003e\u003cspan class='origin-price'\u003e79,800원\u003c/span\u003e\"}],\"hasNormalCouponDiscount\":false,\"hasNormalInstantDiscount\":false,\"hasWowCouponDiscount\":false,\"hasWowInstantDiscount\":false,\"i18nCouponDiscountAmount\":null,\"i18nCouponPrice\":{\"amount\":\"54900\",\"currency\":\"KRW\",\"fractionDigits\":0,\"rawAmount\":null},\"i18nOriginPrice\":{\"amount\":\"79800\",\"currency\":\"KRW\",\"fractionDigits\":0,\"rawAmount\":null},\"i18nPriceAmount\":null,\"i18nSalePrice\":{\"amount\":\"54900\",\"currency\":\"KRW\",\"fractionDigits\":0,\"rawAmount\":null},\"instantDiscount\":false,\"instantPriceType\":null,\"loyaltyButtonText\":null,\"loyaltyRegistrationUrl\":null,\"originPrice\":\"79,800\",\"originalPriceDesc\":null,\"priceAmount\":null,\"salePrice\":\"54,900\",\"salePriceTitle\":\"\",\"saleUnitPrice\":\"100g당 2,745원\",\"title\":null,\"type\":null,\"unitDiscountRate\":null,\"unitPrice\":null,\"wowCouponDiscount\":false},\"priceList\":[{\"cashPromotionMessage\":null,\"couponDiscountAmount\":null,\"couponPrice\":null,\"couponPriceTitle\":null,\"couponUnitPrice\":null,\"description\":null,\"discountRate\":null,\"finalPrice\":null,\"gppuPricePolicy\":null,\"hasNormalCouponDiscount\":false,\"hasNormalInstantDiscount\":false,\"hasWowCouponDiscount\":false,\"hasWowInstantDiscount\":false,\"i18nCouponDiscountAmount\":null,\"i18nCouponPrice\":null,\"i18nOriginPrice\":null,\"i18nPriceAmount\":{\"amount\":\"54900\",\"currency\":\"KRW\",\"fractionDigits\":0,\"rawAmount\":null},\"i18nSalePrice\":null,\"instantDiscount\":null,\"instantPriceType\":null,\"loyaltyButtonText\":null,\"loyaltyRegistrationUrl\":null,\"originPrice\":null,\"originalPriceDesc\":null,\"priceAmount\":\"54,900\",\"salePrice\":null,\"salePriceTitle\":null,\"saleUnitPrice\":null,\"title\":\"쿠팡판매가\",\"type\":\"SALES\",\"unitDiscountRate\":null,\"unitPrice\":\"100g당 2,745원\",\"wowCouponDiscount\":false}],\"priceUnit\":\"원\",\"quantity\":1,\"quantityLimitationVO\":null,\"selectedIndex\":0,\"shipmentDisplayType\":\"NORMAL\",\"shippingFee\":{\"dividerIcon\":null,\"extremeMessage\":null,\"freeShippingConditionMessage\":null,\"message\":\"\u003cem class='prod-txt-bold'\u003e무료배송\u003c/em\u003e\",\"popupFreeShippingConditionMessage\":null,\"returnFeeMessage\":null,\"shippingFee\":\"0\",\"shippingFeeIcon\":null,\"shippingFeeType\":\"FREE\",\"title\":null,\"titleIcon\":null},\"shippingFeeList\":[{\"dividerIcon\":null,\"extremeMessage\":null,\"freeShippingConditionMessage\":null,\"message\":\"\u003cem class='prod-txt-bold'\u003e무료배송\u003c/em\u003e\",\"popupFreeShippingConditionMessage\":null,\"returnFeeMessage\":null,\"shippingFee\":null,\"shippingFeeIcon\":null,\"shippingFeeType\":\"FREE\",\"title\":null,\"titleIcon\":null}],\"subscriptionDelivery\":null,\"subscriptionDiscountRate\":-1,\"subscriptionPrice\":null,\"subscriptionPriceList\":[],\"wowOnlyInstantDiscountRate\":0}],\"restockNotification\":false,\"retail\":false,\"rocketLuxuryDisclaimer\":null,\"roleCode\":null,\"ruleBasedTitle\":null,\"sellingInfoVo\":null,\"shippingConsolidationLink\":null,\"soldOut\":false,\"stickBanners\":null,\"subscribeInfo\":null,\"summary\":null,\"supplier\":null,\"topSellingInfo\":null,\"used\":false,\"vendor\":null,\"vendorItemId\":93375800914,\"warrantyServiceVo\":null,\"wishList\":false},\"3996764401,3166106933\":{\"additionalData\":null,\"almostSoldOut\":false,\"apiUrlMap\":{\"addToCartUrl\":\"coupang://addCart?itemId=26399590821\u0026productId=9007354491\u0026vendorItemId=93375800911\u0026sourceType=offerDetail\u0026price=29900\u0026sdpVisitKey=\u0026isLoser=false\u0026offerStatus=NEW\",\"shippingConsolidationUrl\":\"/vp/products/9007354491/vendor-items/93375800911/shipping-consolidation-widget-v2?vendorId=A00962419\u0026shippingPlaceId=21741137\"},\"attributeTitle\":null,\"authenticity\":null,\"authors\":null,\"badgeMap\":{},\"bizBadge\":null,\"blockInfo\":null,\"bundleOption\":null,\"buyableQuantity\":50,\"cashBackSummary\":null,\"ccidEligible\":false,\"ccidInfo\":null,\"couponList\":null,\"dawnOnly\":false,\"deliveryAttribute\":false,\"discountBenefitDescription\":null,\"discountBenefitDescriptionList\":null,\"easePayment\":null,\"freshEligible\":false,\"giftcard\":false,\"globalCCIDInfo\":null,\"globalInstallmentInfo\":null,\"goldFish\":false,\"highlights\":null,\"images\":[{\"detailImage\":\"//thumbnail.coupangcdn.com/thumbnails/remote/492x492ex/image/vendor_inventory/5a29/ad60842847c4ed6704211970e47c500c01d878b4a90050ee599d62a1e1f4.png\",\"origin\":\"//image.coupangcdn.com/image/vendor_inventory/5a29/ad60842847c4ed6704211970e47c500c01d878b4a90050ee599d62a1e1f4.png\",\"preloadImage\":\"//thumbnail.coupangcdn.com/thumbnails/remote/230x230ex/image/vendor_inventory/5a29/ad60842847c4ed6704211970e47c500c01d878b4a90050ee599d62a1e1f4.png\",\"thumbnailImage\":\"//thumbnail.coupangcdn.com/thumbnails/remote/48x48ex/image/vendor_inventory/5a29/ad60842847c4ed6704211970e47c500c01d878b4a90050ee599d62a1e1f4.png\"},{\"detailImage\":\"//thumbnail.coupangcdn.com/thumbnails/remote/492x492ex/image/vendor_inventory/a684/99287514f9add60ee37af25232b4745a29509d01457867e5eb84dfdbfe00.png\",\"origin\":\"//image.coupangcdn.com/image/vendor_inventory/a684/99287514f9add60ee37af25232b4745a29509d01457867e5eb84dfdbfe00.png\",\"preloadImage\":\"//thumbnail.coupangcdn.com/thumbnails/remote/230x230ex/image/vendor_inventory/a684/99287514f9add60ee37af25232b4745a29509d01457867e5eb84dfdbfe00.png\",\"thumbnailImage\":\"//thumbnail.coupangcdn.com/thumbnails/remote/48x48ex/image/vendor_inventory/a684/99287514f9add60ee37af25232b4745a29509d01457867e5eb84dfdbfe00.png\"},{\"detailImage\":\"//thumbnail.coupangcdn.com/thumbnails/remote/492x492ex/image/vendor_inventory/be46/628421a2f405c364a5c281e3c395061e7912a531813c968310e53115afa2.png\",\"origin\":\"//image.coupangcdn.com/image/vendor_inventory/be46/628421a2f405c364a5c281e3c395061e7912a531813c968310e53115afa2.png\",\"preloadImage\":\"//thumbnail.coupangcdn.com/thumbnails/remote/230x230ex/image/vendor_inventory/be46/628421a2f405c364a5c281e3c395061e7912a531813c968310e53115afa2.png\",\"thumbnailImage\":\"//thumbnail.coupangcdn.com/thumbnails/remote/48x48ex/image/vendor_inventory/be46/628421a2f405c364a5c281e3c395061e7912a531813c968310e53115afa2.png\"},{\"detailImage\":\"//thumbnail.coupangcdn.com/thumbnails/remote/492x492ex/image/vendor_inventory/3960/b4304a024c951b12f43eba227274934cbdd5f2e2685c399b3a21612746aa.png\",\"origin\":\"//image.coupangcdn.com/image/vendor_inventory/3960/b4304a024c951b12f43eba227274934cbdd5f2e2685c399b3a21612746aa.png\",\"preloadImage\":\"//thumbnail.coupangcdn.com/thumbnails/remote/230x230ex/image/vendor_inventory/3960/b4304a024c951b12f43eba227274934cbdd5f2e2685c399b3a21612746aa.png\",\"thumbnailImage\":\"//thumbnail.coupangcdn.com/thumbnails/remote/48x48ex/image/vendor_inventory/3960/b4304a024c951b12f43eba227274934cbdd5f2e2685c399b3a21612746aa.png\"},{\"detailImage\":\"//thumbnail.coupangcdn.com/thumbnails/remote/492x492ex/image/vendor_inventory/4321/1ebe96e45a023dcdc9bd41bdcec4bb24db736e62034e8d9a9acca205a6ff.png\",\"origin\":\"//image.coupangcdn.com/image/vendor_inventory/4321/1ebe96e45a023dcdc9bd41bdcec4bb24db736e62034e8d9a9acca205a6ff.png\",\"preloadImage\":\"//thumbnail.coupangcdn.com/thumbnails/remote/230x230ex/image/vendor_inventory/4321/1ebe96e45a023dcdc9bd41bdcec4bb24db736e62034e8d9a9acca205a6ff.png\",\"thumbnailImage\":\"//thumbnail.coupangcdn.com/thumbnails/remote/48x48ex/image/vendor_inventory/4321/1ebe96e45a023dcdc9bd41bdcec4bb24db736e62034e8d9a9acca205a6ff.png\"},{\"detailImage\":\"//thumbnail.coupangcdn.com/thumbnails/remote/492x492ex/image/vendor_inventory/372d/1ba18192cd70d33410850d582cd31bf20e46a50335ce6018f71e9ad31b70.png\",\"origin\":\"//image.coupangcdn.com/image/vendor_inventory/372d/1ba18192cd70d33410850d582cd31bf20e46a50335ce6018f71e9ad31b70.png\",\"preloadImage\":\"//thumbnail.coupangcdn.com/thumbnails/remote/230x230ex/image/vendor_inventory/372d/1ba18192cd70d33410850d582cd31bf20e46a50335ce6018f71e9ad31b70.png\",\"thumbnailImage\":\"//thumbnail.coupangcdn.com/thumbnails/remote/48x48ex/image/vendor_inventory/372d/1ba18192cd70d33410850d582cd31bf20e46a50335ce6018f71e9ad31b70.png\"},{\"detailImage\":\"//thumbnail.coupangcdn.com/thumbnails/remote/492x492ex/image/vendor_inventory/ba7d/2857ae92b2a1db38b4990cf4f23a75773cf2c3003bd8df877a6a62d578e7.png\",\"origin\":\"//image.coupangcdn.com/image/vendor_inventory/ba7d/2857ae92b2a1db38b4990cf4f23a75773cf2c3003bd8df877a6a62d578e7.png\",\"preloadImage\":\"//thumbnail.coupangcdn.com/thumbnails/remote/230x230ex/image/vendor_inventory/ba7d/2857ae92b2a1db38b4990cf4f23a75773cf2c3003bd8df877a6a62d578e7.png\",\"thumbnailImage\":\"//thumbnail.coupangcdn.com/thumbnails/remote/48x48ex/image/vendor_inventory/ba7d/2857ae92b2a1db38b4990cf4f23a75773cf2c3003bd8df877a6a62d578e7.png\"},{\"detailImage\":\"//thumbnail.coupangcdn.com/thumbnails/remote/492x492ex/image/vendor_inventory/6439/325aa6fb1dbe64c1063dd60cefe87af1ae33c9e5b0081ace19ce1a021813.png\",\"origin\":\"//image.coupangcdn.com/image/vendor_inventory/6439/325aa6fb1dbe64c1063dd60cefe87af1ae33c9e5b0081ace19ce1a021813.png\",\"preloadImage\":\"//thumbnail.coupangcdn.com/thumbnails/remote/230x230ex/image/vendor_inventory/6439/325aa6fb1dbe64c1063dd60cefe87af1ae33c9e5b0081ace19ce1a021813.png\",\"thumbnailImage\":\"//thumbnail.coupangcdn.com/thumbnails/remote/48x48ex/image/vendor_inventory/6439/325aa6fb1dbe64c1063dd60cefe87af1ae33c9e5b0081ace19ce1a021813.png\"},{\"detailImage\":\"//thumbnail.coupangcdn.com/thumbnails/remote/492x492ex/image/vendor_inventory/ce86/cc5d97387039c95869d104b3940da955dbe0b4df4e0df35723b499046e4a.png\",\"origin\":\"//image.coupangcdn.com/image/vendor_inventory/ce86/cc5d97387039c95869d104b3940da955dbe0b4df4e0df35723b499046e4a.png\",\"preloadImage\":\"//thumbnail.coupangcdn.com/thumbnails/remote/230x230ex/image/vendor_inventory/ce86/cc5d97387039c95869d104b3940da955dbe0b4df4e0df35723b499046e4a.png\",\"thumbnailImage\":\"//thumbnail.coupangcdn.com/thumbnails/remote/48x48ex/image/vendor_inventory/ce86/cc5d97387039c95869d104b3940da955dbe0b4df4e0df35723b499046e4a.png\"},{\"detailImage\":\"//thumbnail.coupangcdn.com/thumbnails/remote/492x492ex/image/vendor_inventory/358b/6539bd8e4b3236ba7428b02dc4bbcd93ebb38f5ebdec07b8525a34a7d71d.png\",\"origin\":\"//image.coupangcdn.com/image/vendor_inventory/358b/6539bd8e4b3236ba7428b02dc4bbcd93ebb38f5ebdec07b8525a34a7d71d.png\",\"preloadImage\":\"//thumbnail.coupangcdn.com/thumbnails/remote/230x230ex/image/vendor_inventory/358b/6539bd8e4b3236ba7428b02dc4bbcd93ebb38f5ebdec07b8525a34a7d71d.png\",\"thumbnailImage\":\"//thumbnail.coupangcdn.com/thumbnails/remote/48x48ex/image/vendor_inventory/358b/6539bd8e4b3236ba7428b02dc4bbcd93ebb38f5ebdec07b8525a34a7d71d.png\"}],\"invalid\":false,\"inventory\":null,\"itemId\":26399590821,\"itemName\":\"삼시세끼연구소 최북단 연평도 조업 살이 단단한 25년 햇꽃게 활 꽃게 숫꽃게 생물, 1세트, 1kg\",\"limitNoticeVo\":null,\"linkedVendorItemInfo\":null,\"luxuryDiscountBenefit\":null,\"memberInfo\":null,\"offerBanner\":null,\"offerDescription\":null,\"otherSellerCount\":null,\"parentItemId\":null,\"preOrderVo\":null,\"quantityBase\":[{\"abFlags\":{\"applyExtremeProminenceFreeDeliveryMessages\":\"A\",\"jikgu1PWarrantyAB\":\"NOT_APPLICABLE\",\"ab54632\":\"B\"},\"appliedCoupon\":null,\"benefitDisplayType\":null,\"bundleOption\":null,\"cashBackSummary\":{\"basicCashBackList\":[{\"amount\":299,\"benefit\":\"쿠페이 머니 결제 시 1% 적립\",\"expired\":false,\"i18nAmount\":{\"amount\":\"299\",\"currency\":\"KRW\",\"fractionDigits\":0,\"rawAmount\":299},\"leftDays\":null,\"rate\":\"1\",\"type\":\"BASIC\",\"validity\":\"월 최대 1만원\"}],\"basicRocketPayCashAmt\":299,\"basicRocketPayRate\":\"1\",\"cashBackTitle\":\"캐시적립 혜택\",\"cashIconUrl\":\"https://image.coupangcdn.com/image/badges/cashback/web/list-cash-icon@2x.png\",\"cashWidgetIconUrl\":\"https://image.coupangcdn.com/image/badges/sdp/cashback/web/cash-icon@2x.png\",\"clubMemberCashAmt\":null,\"clubMemberRate\":null,\"clubMemberRewardExpires\":null,\"clubMemberRewardExpiryTime\":null,\"clubMemberRewardLeftDays\":null,\"couPayBankAmt\":598,\"couPayBankExpires\":false,\"couPayBankLeftDays\":1996,\"couPayBankRate\":\"2\",\"couPayMoneyAmt\":1196,\"couPayMoneyExpires\":false,\"couPayMoneyLeftDays\":1996,\"couPayMoneyRate\":\"4\",\"extraCashBackList\":[{\"amount\":598,\"benefit\":\"[로켓와우 + 쿠페이 계좌이체] 결제 시 2% 적립\",\"expired\":false,\"i18nAmount\":{\"amount\":\"598\",\"currency\":\"KRW\",\"fractionDigits\":0,\"rawAmount\":598},\"leftDays\":1996,\"rate\":\"2\",\"type\":\"COU_BANK\",\"validity\":\"이벤트 기간 30일, 최대 2만원\"},{\"amount\":1196,\"benefit\":\"[로켓와우 + 쿠페이 머니] 결제 시 4% 추가적립\",\"expired\":false,\"i18nAmount\":{\"amount\":\"1196\",\"currency\":\"KRW\",\"fractionDigits\":0,\"rawAmount\":1196},\"leftDays\":1996,\"rate\":\"4\",\"type\":\"COU_MONEY\",\"validity\":\"이벤트 기간 30일, 최대 4만원\"}],\"finalCashBackAmt\":1495,\"finalCashBackAmtIncludeRewardCashAmount\":1495,\"giftRewardCashAmount\":null,\"i18nBasicRocketPayCashAmt\":{\"amount\":\"299\",\"currency\":\"KRW\",\"fractionDigits\":0,\"rawAmount\":299},\"i18nClubMemberCashAmt\":null,\"i18nCouPayBankAmt\":{\"amount\":\"598\",\"currency\":\"KRW\",\"fractionDigits\":0,\"rawAmount\":598},\"i18nCouPayMoneyAmt\":{\"amount\":\"1196\",\"currency\":\"KRW\",\"fractionDigits\":0,\"rawAmount\":1196},\"i18nFinalCashBackAmt\":{\"amount\":\"1495\",\"currency\":\"KRW\",\"fractionDigits\":0,\"rawAmount\":1495},\"i18nFinalCashBackAmtIncludeRewardCashAmount\":{\"amount\":\"1495\",\"currency\":\"KRW\",\"fractionDigits\":0,\"rawAmount\":1495},\"i18nRewardCashAmount\":null,\"inBookCategory\":null,\"luxuryItem\":false,\"popupType\":\"WITHEXTRA\",\"rewardCashAmount\":null,\"targetedPromotionBanner\":null},\"delivery\":{\"badgeUrl\":null,\"company\":null,\"companyLabel\":null,\"countDownMessage\":null,\"countDownMillisecond\":null,\"delayMessage\":null,\"deliveryExtraInfo\":null,\"deliveryNotice\":null,\"deliveryReminderMessage\":null,\"descriptionBadge\":null,\"descriptionIcon\":null,\"descriptions\":\"\u003cem class='prod-txt-onyx prod-txt-font-14'\u003e모레(금) 9/12\u003c/em\u003e\u003cem class='prod-txt-onyx'\u003e 도착 예정 (판매자배송)\u003c/em\u003e\",\"extremeDescriptions\":null,\"hideQuestionMark\":false,\"logistics\":false,\"loyaltyButtonText\":null,\"rocketWowQuestionMark\":false,\"speedType\":null,\"title\":null,\"type\":\"VENDOR_DELIVERY\"},\"deliveryList\":[{\"badgeUrl\":null,\"company\":null,\"companyLabel\":null,\"countDownMessage\":null,\"countDownMillisecond\":null,\"delayMessage\":null,\"deliveryExtraInfo\":null,\"deliveryNotice\":null,\"deliveryReminderMessage\":null,\"descriptionBadge\":null,\"descriptionIcon\":null,\"descriptions\":\"\u003cem class='prod-txt-onyx prod-txt-font-14'\u003e모레(금) 9/12\u003c/em\u003e\u003cem class='prod-txt-onyx'\u003e 도착 예정 (판매자배송)\u003c/em\u003e\",\"extremeDescriptions\":null,\"hideQuestionMark\":false,\"logistics\":false,\"loyaltyButtonText\":null,\"rocketWowQuestionMark\":false,\"speedType\":null,\"title\":null,\"type\":\"VENDOR_DELIVERY\"}],\"freebieBenefit\":null,\"freebieBenefitV2\":null,\"freebiePromotions\":null,\"moduleData\":[{\"abFlags\":{\"displayTwoPricesWow\":\"A\",\"sdpCartUpdateNewPmcPolicy\":\"false\",\"deliveryFeeToggleShow\":\"false\"},\"detailPriceBundle\":{\"finalPrice\":{\"bestPriceInfo\":{\"currency\":\"KRW\",\"discountRate\":25,\"discountRateValid\":true,\"doubleElevenPromoted\":false,\"firstPurchase\":false,\"goldbox\":false,\"hasEligibilityConditions\":false,\"lightning\":false,\"lightningOrGoldbox\":false,\"memberPrice\":false,\"notExpired\":true,\"percentageDiscount\":false,\"price\":29900,\"priceBasedDiscountRate\":25,\"priceType\":\"FINAL_PRICE\",\"priceWithDeliveryFee\":29900,\"unitCCIDuration\":100,\"unitPrice\":{\"amount\":100,\"extendedPrice\":{\"money\":{\"amount\":2990,\"currency\":\"KRW\"},\"offset\":0},\"priceEx\":{\"amount\":2990,\"currency\":\"KRW\"},\"unit\":\"g\"},\"unitPriceAmount\":2990,\"unitPriceAmountWithDeliveryFee\":2990,\"unitPriceDescription\":\"(100g당 2,990원)\",\"unitPriceDescriptionWithoutParenthesis\":\"100g당 2,990원\",\"unitPriceIncludeDeliveryFeeDescription\":\"(100g당 2,990원)\",\"unitPriceIncludeDeliveryFeeDescriptionWithoutParenthesis\":\"100g당 2,990원\",\"unitPriceWithDeliveryFee\":{\"amount\":100,\"extendedPrice\":{\"money\":{\"amount\":2990,\"currency\":\"KRW\"},\"offset\":0},\"unit\":\"g\"},\"valid\":true},\"displayType\":\"FINAL\",\"downloadCouponType\":\"NONE\",\"downloadDiscountAmount\":0,\"instantDiscountAmount\":0,\"instantDiscountType\":\"NONE\",\"memberPrice\":false,\"price\":29900,\"priceBaseDiscountRate\":25,\"priceWithDeliveryFee\":29900,\"realType\":\"SALES\",\"unitPriceAmount\":2990,\"unitPriceAmountWithDeliveryFee\":2990,\"unitPriceDescription\":\"(100g당 2,990원)\",\"unitPriceDescriptionWithoutParenthesis\":\"100g당 2,990원\",\"unitPriceIncludeDeliveryFeeDescription\":\"(100g당 2,990원)\"},\"finalPriceDiscountRate\":25,\"nonWowMemberPrice\":{\"price\":29900,\"priceWithDeliveryFee\":29900},\"originalPrice\":{\"displayType\":\"ORIGINAL\",\"downloadCouponType\":\"NONE\",\"instantDiscountType\":\"NONE\",\"memberPrice\":false,\"price\":39900,\"priceWithDeliveryFee\":39900,\"realType\":\"ORIGINAL\",\"unitPriceDescription\":\"(100g당 3,990원)\"},\"wowMemberPrice\":{\"price\":29900,\"priceWithDeliveryFee\":29900}},\"logging\":{},\"normalCouponDiscount\":false,\"normalInstantDiscount\":false,\"priceLogData\":{\"unitPrice\":\"(100g당 2,990원)\",\"discountRate\":\"25.0\",\"underThresholdCouponSavingAmount\":\"null\",\"targetedCouponSavingAmount\":\"null\",\"instantDiscountSavingAmount\":\"null\",\"overThresholdCouponSavingAmount\":\"null\",\"salesPrice\":29900,\"finalPrice\":29900,\"underThresholdCouponThreshold\":\"null\",\"isBadDiscount\":\"false\",\"isLoyaltyMember\":false,\"wowUnderThresholdCouponThreshold\":\"null\",\"anchorPrice\":\"39900\",\"ccidEligibleSavingAmount\":\"null\",\"wowInstantDiscountSavingAmount\":\"null\",\"wowUnderThresholdCouponSavingAmount\":\"null\",\"wowCcidEligibleSavingAmount\":\"null\",\"myCcidDiscountSavingAmount\":\"null\",\"businessType\":\"3p\",\"wowOverThresholdCouponSavingAmount\":\"null\"},\"pricePolicies\":[{\"currency\":\"원\",\"description\":\"쿠팡 판매를 위한 할인 적용 이전의 가격(업체가 쿠팡에 제공한 희망소매가격 또는 공식판매처 판매가 등. 도서정가제 대상 도서인 경우, 도서 정가)입니다.\",\"discountRate\":25,\"formattedPrice\":\"39,900원\",\"price\":\"39,900\",\"priceWithDeliveryFee\":\"39,900\",\"type\":\"ORIGINAL\"}],\"priceWithDeliveryFee\":true,\"targetedDiscount\":false,\"viewType\":\"PRODUCT_DETAIL_PRICE_INFO\",\"wowCouponDiscount\":false,\"wowDiscountAndNormalOtAndNonWowMember\":false,\"wowInstantDiscount\":false},{\"attributeBasedTitle\":\"삼시세끼연구소 최북단 연평도 조업 살이 단단한 25년 햇꽃게 활 꽃게 숫꽃게 생물, 1kg, 1세트\",\"countryOfOrigin\":\"원산지: 국내산(연평도 100%)\",\"logging\":{\"alwaysSentLiveLog\":false,\"bypass\":{\"exposureSchemas\":[{\"id\":\"11942\",\"mandatory\":{\"logCategory\":\"impression\",\"logType\":\"impression\",\"pageName\":\"sdp\",\"eventName\":\"option_table_test_exposure\",\"domain\":\"sdp\",\"sdpVisitKey\":\"xwp6m47oj840buou0b\",\"productId\":9007354491,\"itemId\":26399590821,\"vendorItemId\":93375800911,\"abGroup\":\"B\",\"abTestId\":\"47980\"},\"version\":\"2\"}]}},\"title\":\"삼시세끼연구소 최북단 연평도 조업 살이 단단한 25년 햇꽃게 활 꽃게 숫꽃게 생물\",\"viewType\":\"PRODUCT_DETAIL_PRODUCT_INFO\"},{\"abFlags\":{\"47980\":\"B\"},\"featureFlags\":{\"option_table_pc_expand_1_and_2_attr\":\"B\"},\"viewType\":\"PRODUCT_WEB_DATA_AB_FLAGS\"},{\"tabList\":[{\"attributeId\":\"8477_7652\",\"sizeAttribute\":false,\"style\":\"HEADER_ONLY\",\"title\":\"중량 × 수량: \",\"valueName\":\"1kg × 1세트\"}],\"viewType\":\"PRODUCT_OPTION_TABLE_TAB_SELECTOR\"},{\"data\":{\"description\":\"배송비 포함\",\"title\":\"더 많은 옵션 보기\"},\"viewType\":\"PRODUCT_OPTION_TABLE_TOGGLE_HEADER\"},{\"landingItemId\":26399590821,\"landingProductId\":9007354491,\"landingVendorItemId\":93375800911,\"logging\":{\"alwaysSentLiveLog\":false,\"bypass\":{\"exposureSchema\":{\"id\":\"10843\",\"mandatory\":{\"logCategory\":\"impression\",\"logType\":\"impression\",\"pageName\":\"sdp\",\"eventName\":\"impression_sdp_option_comparison_table\",\"domain\":\"sdp\",\"sdpVisitKey\":\"xwp6m47oj840buou0b\",\"productId\":9007354491,\"itemId\":26399590821,\"vendorItemId\":93375800911,\"categoryId\":\"1564\",\"optionTableStyle\":\"sdp_standard\",\"attributes\":\"중량 × 수량\",\"isSeeAll\":true,\"isImage\":false,\"selectedAttribute\":\"\",\"listVendorItemId\":\"option1:93375800911,option2:93375800914,option3:93375800916,option4:93375800915\",\"listVendorItemPrice\":\"option1:29900,option2:54900,option3:79900,option4:116900\",\"listAttr\":\"option1:1kg × 1세트,option2:2kg × 1세트,option3:3kg × 1세트,option4:5kg × 1세트\",\"listDeliveryType\":\"option1:,option2:,option3:,option4:\",\"listUnitPrice\":\"option1:2990,option2:2745,option3:2663,option4:2338\",\"listMin\":\"option1:false,option2:false,option3:false,option4:true\",\"listOos\":\"option1:false,option2:false,option3:false,option4:false\",\"listDefault\":\"option1:true,option2:true,option3:true,option4:true\",\"listPriceLabel\":\"option1:,option2:,option3:,option4:\",\"selectedOption\":\"option1\"},\"version\":\"15\"}}},\"optionList\":[{\"action\":{\"event\":{\"url\":\"/vm/v5/products/9007354491/vendor-items/93375800911?landingItemId=26399590821\u0026landingProductId=9007354491\u0026landingVendorItemId=93375800911\"},\"logging\":{\"alwaysSentLiveLog\":false,\"bypass\":{\"clickSchemas\":[{\"id\":\"10844\",\"mandatory\":{\"logCategory\":\"event\",\"logType\":\"click\",\"pageName\":\"sdp\",\"eventName\":\"click_sdp_option_comparison_table\",\"domain\":\"sdp\",\"sdpVisitKey\":\"xwp6m47oj840buou0b\",\"productId\":9007354491,\"itemId\":26399590821,\"vendorItemId\":93375800911,\"categoryId\":\"1564\",\"clickArea\":\"option\",\"clickValue\":\"option1:93375800911\",\"isImage\":false},\"version\":\"12\"}]}}},\"defaultShow\":true,\"finalPrice\":\"29,900원\",\"finalUnitPrice\":\"100g당 2,990원\",\"hoverImageUrl\":\"//thumbnail10.coupangcdn.com/thumbnails/remote/492x492ex/image/vendor_inventory/5a29/ad60842847c4ed6704211970e47c500c01d878b4a90050ee599d62a1e1f4.png\",\"hoverSelectionText\":\"1kg × 1세트\",\"itemId\":26399590821,\"optionItemName\":\"1kg × 1세트\",\"selected\":true,\"soldOut\":false,\"vendorItemId\":93375800911},{\"action\":{\"event\":{\"url\":\"/vm/v5/products/9007354491/vendor-items/93375800914?landingItemId=26399590821\u0026landingProductId=9007354491\u0026landingVendorItemId=93375800911\"},\"logging\":{\"alwaysSentLiveLog\":false,\"bypass\":{\"clickSchemas\":[{\"id\":\"10844\",\"mandatory\":{\"logCategory\":\"event\",\"logType\":\"click\",\"pageName\":\"sdp\",\"eventName\":\"click_sdp_option_comparison_table\",\"domain\":\"sdp\",\"sdpVisitKey\":\"xwp6m47oj840buou0b\",\"productId\":9007354491,\"itemId\":26399590821,\"vendorItemId\":93375800911,\"categoryId\":\"1564\",\"clickArea\":\"option\",\"clickValue\":\"option2:93375800914\",\"isImage\":false},\"version\":\"12\"}]}}},\"defaultShow\":true,\"finalPrice\":\"54,900원\",\"finalUnitPrice\":\"100g당 2,745원\",\"hoverImageUrl\":\"//thumbnail10.coupangcdn.com/thumbnails/remote/492x492ex/image/vendor_inventory/5a29/ad60842847c4ed6704211970e47c500c01d878b4a90050ee599d62a1e1f4.png\",\"hoverSelectionText\":\"2kg × 1세트\",\"itemId\":26399590828,\"optionItemName\":\"2kg × 1세트\",\"selected\":false,\"soldOut\":false,\"vendorItemId\":93375800914},{\"action\":{\"event\":{\"url\":\"/vm/v5/products/9007354491/vendor-items/93375800916?landingItemId=26399590821\u0026landingProductId=9007354491\u0026landingVendorItemId=93375800911\"},\"logging\":{\"alwaysSentLiveLog\":false,\"bypass\":{\"clickSchemas\":[{\"id\":\"10844\",\"mandatory\":{\"logCategory\":\"event\",\"logType\":\"click\",\"pageName\":\"sdp\",\"eventName\":\"click_sdp_option_comparison_table\",\"domain\":\"sdp\",\"sdpVisitKey\":\"xwp6m47oj840buou0b\",\"productId\":9007354491,\"itemId\":26399590821,\"vendorItemId\":93375800911,\"categoryId\":\"1564\",\"clickArea\":\"option\",\"clickValue\":\"option3:93375800916\",\"isImage\":false},\"version\":\"12\"}]}}},\"defaultShow\":true,\"finalPrice\":\"79,900원\",\"finalUnitPrice\":\"100g당 2,663원\",\"hoverImageUrl\":\"//thumbnail10.coupangcdn.com/thumbnails/remote/492x492ex/image/vendor_inventory/5a29/ad60842847c4ed6704211970e47c500c01d878b4a90050ee599d62a1e1f4.png\",\"hoverSelectionText\":\"3kg × 1세트\",\"itemId\":26399590835,\"optionItemName\":\"3kg × 1세트\",\"selected\":false,\"soldOut\":false,\"vendorItemId\":93375800916},{\"action\":{\"event\":{\"url\":\"/vm/v5/products/9007354491/vendor-items/93375800915?landingItemId=26399590821\u0026landingProductId=9007354491\u0026landingVendorItemId=93375800911\"},\"logging\":{\"alwaysSentLiveLog\":false,\"bypass\":{\"clickSchemas\":[{\"id\":\"10844\",\"mandatory\":{\"logCategory\":\"event\",\"logType\":\"click\",\"pageName\":\"sdp\",\"eventName\":\"click_sdp_option_comparison_table\",\"domain\":\"sdp\",\"sdpVisitKey\":\"xwp6m47oj840buou0b\",\"productId\":9007354491,\"itemId\":26399590821,\"vendorItemId\":93375800911,\"categoryId\":\"1564\",\"clickArea\":\"option\",\"clickValue\":\"option4:93375800915\",\"isImage\":false},\"version\":\"12\"}]}}},\"defaultShow\":true,\"finalPrice\":\"116,900원\",\"finalUnitPrice\":\"100g당 2,338원\",\"finalUnitPriceLabel\":\"(최저 단위가)\",\"hoverImageUrl\":\"//thumbnail10.coupangcdn.com/thumbnails/remote/492x492ex/image/vendor_inventory/5a29/ad60842847c4ed6704211970e47c500c01d878b4a90050ee599d62a1e1f4.png\",\"hoverSelectionText\":\"5kg × 1세트\",\"itemId\":26399590830,\"optionItemName\":\"5kg × 1세트\",\"selected\":false,\"soldOut\":false,\"vendorItemId\":93375800915}],\"seeAllButton\":{\"action\":{\"logging\":{\"alwaysSentLiveLog\":false,\"bypass\":{\"clickSchemas\":[{\"id\":\"10844\",\"mandatory\":{\"logCategory\":\"event\",\"logType\":\"click\",\"pageName\":\"sdp\",\"eventName\":\"click_sdp_option_comparison_table\",\"domain\":\"sdp\",\"sdpVisitKey\":\"xwp6m47oj840buou0b\",\"productId\":9007354491,\"itemId\":26399590821,\"vendorItemId\":93375800911,\"categoryId\":\"1564\",\"clickArea\":\"seeAll\",\"clickValue\":\"모든 옵션 보기\",\"isImage\":false,\"isToggleOn\":true},\"version\":\"12\"}]}}},\"buttonText\":\"모든 옵션 보기\"},\"style\":\"LONG_ATTR\",\"viewType\":\"PRODUCT_OPTION_TABLE_LIST_VIEW\"},{\"items\":[{\"action\":{\"event\":{\"url\":\"vp/products/9007354491/vendoritems/93375800911\"},\"logging\":{\"alwaysSentLiveLog\":false,\"bypass\":{\"clickSchemas\":[{\"id\":\"5104\",\"mandatory\":{\"domain\":\"sdp\",\"logCategory\":\"event\",\"logType\":\"click\",\"pageName\":\"option_list\",\"eventName\":\"option_list_click\",\"sdpVisitKey\":\"xwp6m47oj840buou0b\",\"vendorItemId\":93375800911,\"searchId\":\"\",\"vendorItemIdAttributes\":\"1kg_1세트_unitPrice:2990_vendorItemPrice:29900_deliveryType:3p_deliveryFee:0\"},\"version\":\"6\"}],\"exposureSchema\":{\"id\":\"5112\",\"mandatory\":{\"logCategory\":\"impression\",\"logType\":\"impression\",\"pageName\":\"option_list\",\"eventName\":\"option_list_item_impression\",\"domain\":\"sdp\",\"referSdpItem\":\"p9007354491_i26399590821_v93375800911\",\"sdpVisitKey\":\"xwp6m47oj840buou0b\",\"vendorItemId\":\"93375800911\",\"originalItemId\":26399590821,\"originalVendorItemId\":93375800911,\"searchId\":\"\",\"vendorItemIdAttributes\":\"1kg_1세트_unitPrice:2990_vendorItemPrice:29900_deliveryType:3p_deliveryFee:0\"},\"version\":\"9\"}}}},\"deliveryInfo\":{\"deliveryDateDescriptions\":\"모레(금) 9/12 도착 예정 (판매자배송)\"},\"itemBasicInfo\":{\"invalid\":false,\"itemId\":26399590821,\"itemName\":\"1kg × 1세트\",\"vendorItemId\":93375800911},\"priceInfo\":{\"finalDeliveryDescription\":\"무료배송\",\"finalPrice\":\"29,900원\",\"finalUnitPrice\":\"(100g당 2,990원)\"},\"stockInfo\":{\"logistics\":false,\"restockNotification\":false,\"soldOut\":false}},{\"action\":{\"event\":{\"url\":\"vp/products/9007354491/vendoritems/93375800914\"},\"logging\":{\"alwaysSentLiveLog\":false,\"bypass\":{\"clickSchemas\":[{\"id\":\"5104\",\"mandatory\":{\"domain\":\"sdp\",\"logCategory\":\"event\",\"logType\":\"click\",\"pageName\":\"option_list\",\"eventName\":\"option_list_click\",\"sdpVisitKey\":\"xwp6m47oj840buou0b\",\"vendorItemId\":93375800914,\"searchId\":\"\",\"vendorItemIdAttributes\":\"2kg_1세트_unitPrice:2745_vendorItemPrice:54900_deliveryType:3p_deliveryFee:0\"},\"version\":\"6\"}],\"exposureSchema\":{\"id\":\"5112\",\"mandatory\":{\"logCategory\":\"impression\",\"logType\":\"impression\",\"pageName\":\"option_list\",\"eventName\":\"option_list_item_impression\",\"domain\":\"sdp\",\"referSdpItem\":\"p9007354491_i26399590821_v93375800911\",\"sdpVisitKey\":\"xwp6m47oj840buou0b\",\"vendorItemId\":\"93375800914\",\"originalItemId\":26399590821,\"originalVendorItemId\":93375800911,\"searchId\":\"\",\"vendorItemIdAttributes\":\"2kg_1세트_unitPrice:2745_vendorItemPrice:54900_deliveryType:3p_deliveryFee:0\"},\"version\":\"9\"}}}},\"deliveryInfo\":{\"deliveryDateDescriptions\":\"모레(금) 9/12 도착 예정 (판매자배송)\"},\"itemBasicInfo\":{\"invalid\":false,\"itemId\":26399590828,\"itemName\":\"2kg × 1세트\",\"vendorItemId\":93375800914},\"priceInfo\":{\"finalDeliveryDescription\":\"무료배송\",\"finalPrice\":\"54,900원\",\"finalUnitPrice\":\"(100g당 2,745원)\"},\"stockInfo\":{\"logistics\":false,\"restockNotification\":false,\"soldOut\":false}},{\"action\":{\"event\":{\"url\":\"vp/products/9007354491/vendoritems/93375800916\"},\"logging\":{\"alwaysSentLiveLog\":false,\"bypass\":{\"clickSchemas\":[{\"id\":\"5104\",\"mandatory\":{\"domain\":\"sdp\",\"logCategory\":\"event\",\"logType\":\"click\",\"pageName\":\"option_list\",\"eventName\":\"option_list_click\",\"sdpVisitKey\":\"xwp6m47oj840buou0b\",\"vendorItemId\":93375800916,\"searchId\":\"\",\"vendorItemIdAttributes\":\"3kg_1세트_unitPrice:2663_vendorItemPrice:79900_deliveryType:3p_deliveryFee:0\"},\"version\":\"6\"}],\"exposureSchema\":{\"id\":\"5112\",\"mandatory\":{\"logCategory\":\"impression\",\"logType\":\"impression\",\"pageName\":\"option_list\",\"eventName\":\"option_list_item_impression\",\"domain\":\"sdp\",\"referSdpItem\":\"p9007354491_i26399590821_v93375800911\",\"sdpVisitKey\":\"xwp6m47oj840buou0b\",\"vendorItemId\":\"93375800916\",\"originalItemId\":26399590821,\"originalVendorItemId\":93375800911,\"searchId\":\"\",\"vendorItemIdAttributes\":\"3kg_1세트_unitPrice:2663_vendorItemPrice:79900_deliveryType:3p_deliveryFee:0\"},\"version\":\"9\"}}}},\"deliveryInfo\":{\"deliveryDateDescriptions\":\"모레(금) 9/12 도착 예정 (판매자배송)\"},\"itemBasicInfo\":{\"invalid\":false,\"itemId\":26399590835,\"itemName\":\"3kg × 1세트\",\"vendorItemId\":93375800916},\"priceInfo\":{\"finalDeliveryDescription\":\"무료배송\",\"finalPrice\":\"79,900원\",\"finalUnitPrice\":\"(100g당 2,663원)\"},\"stockInfo\":{\"logistics\":false,\"restockNotification\":false,\"soldOut\":false}},{\"action\":{\"event\":{\"url\":\"vp/products/9007354491/vendoritems/93375800912\"},\"logging\":{\"alwaysSentLiveLog\":false,\"bypass\":{\"clickSchemas\":[{\"id\":\"5104\",\"mandatory\":{\"domain\":\"sdp\",\"logCategory\":\"event\",\"logType\":\"click\",\"pageName\":\"option_list\",\"eventName\":\"option_list_click\",\"sdpVisitKey\":\"xwp6m47oj840buou0b\",\"vendorItemId\":93375800912,\"searchId\":\"\",\"vendorItemIdAttributes\":\"4kg_1세트_unitPrice:2448_vendorItemPrice:97900_deliveryType:3p_deliveryFee:0\"},\"version\":\"6\"}],\"exposureSchema\":{\"id\":\"5112\",\"mandatory\":{\"logCategory\":\"impression\",\"logType\":\"impression\",\"pageName\":\"option_list\",\"eventName\":\"option_list_item_impression\",\"domain\":\"sdp\",\"referSdpItem\":\"p9007354491_i26399590821_v93375800911\",\"sdpVisitKey\":\"xwp6m47oj840buou0b\",\"vendorItemId\":\"93375800912\",\"originalItemId\":26399590821,\"originalVendorItemId\":93375800911,\"searchId\":\"\",\"vendorItemIdAttributes\":\"4kg_1세트_unitPrice:2448_vendorItemPrice:97900_deliveryType:3p_deliveryFee:0\"},\"version\":\"9\"}}}},\"deliveryInfo\":{\"deliveryDateDescriptions\":\"모레(금) 9/12 도착 예정 (판매자배송)\"},\"itemBasicInfo\":{\"invalid\":false,\"itemId\":26399590825,\"itemName\":\"4kg × 1세트\",\"vendorItemId\":93375800912},\"priceInfo\":{\"finalDeliveryDescription\":\"무료배송\",\"finalPrice\":\"97,900원\",\"finalUnitPrice\":\"(100g당 2,448원)\"},\"stockInfo\":{\"logistics\":false,\"restockNotification\":false,\"soldOut\":false}},{\"action\":{\"event\":{\"url\":\"vp/products/9007354491/vendoritems/93375800915\"},\"logging\":{\"alwaysSentLiveLog\":false,\"bypass\":{\"clickSchemas\":[{\"id\":\"5104\",\"mandatory\":{\"domain\":\"sdp\",\"logCategory\":\"event\",\"logType\":\"click\",\"pageName\":\"option_list\",\"eventName\":\"option_list_click\",\"sdpVisitKey\":\"xwp6m47oj840buou0b\",\"vendorItemId\":93375800915,\"searchId\":\"\",\"vendorItemIdAttributes\":\"5kg_1세트_unitPrice:2338_vendorItemPrice:116900_deliveryType:3p_deliveryFee:0\"},\"version\":\"6\"}],\"exposureSchema\":{\"id\":\"5112\",\"mandatory\":{\"logCategory\":\"impression\",\"logType\":\"impression\",\"pageName\":\"option_list\",\"eventName\":\"option_list_item_impression\",\"domain\":\"sdp\",\"referSdpItem\":\"p9007354491_i26399590821_v93375800911\",\"sdpVisitKey\":\"xwp6m47oj840buou0b\",\"vendorItemId\":\"93375800915\",\"originalItemId\":26399590821,\"originalVendorItemId\":93375800911,\"searchId\":\"\",\"vendorItemIdAttributes\":\"5kg_1세트_unitPrice:2338_vendorItemPrice:116900_deliveryType:3p_deliveryFee:0\"},\"version\":\"9\"}}}},\"deliveryInfo\":{\"deliveryDateDescriptions\":\"모레(금) 9/12 도착 예정 (판매자배송)\"},\"itemBasicInfo\":{\"invalid\":false,\"itemId\":26399590830,\"itemName\":\"5kg × 1세트\",\"vendorItemId\":93375800915},\"priceInfo\":{\"finalDeliveryDescription\":\"무료배송\",\"finalPrice\":\"116,900원\",\"finalUnitPrice\":\"(100g당 2,338원)\"},\"stockInfo\":{\"logistics\":false,\"restockNotification\":false,\"soldOut\":false}}],\"titleName\":\"중량 × 수량\",\"viewType\":\"PRODUCT_DETAIL_OPTION_LIST\"},{\"deliveryInfo\":{\"nonMemberDelivery\":{\"arrivalMessage\":[{\"color\":\"#212B36\",\"size\":14,\"text\":\"모레(금) 9/12 도착 예정\"}],\"shippingFeeTag\":[{\"bold\":true,\"color\":\"#212B36\",\"size\":14,\"text\":\"무료배송\"}]},\"wowMemberDelivery\":{\"arrivalMessage\":[{\"color\":\"#212B36\",\"size\":14,\"text\":\"모레(금) 9/12 도착 예정\"}],\"shippingFeeTag\":[{\"bold\":true,\"color\":\"#212B36\",\"size\":14,\"text\":\"무료배송\"}]}},\"itemInfo\":{\"itemId\":26399590821,\"itemName\":\"삼시세끼연구소 최북단 연평도 조업 살이 단단한 25년 햇꽃게 활 꽃게 숫꽃게 생물\",\"productId\":9007354491,\"thumbnailImage\":{\"height\":60,\"url\":\"https://image10.coupangcdn.com/image/vendor_inventory/5a29/ad60842847c4ed6704211970e47c500c01d878b4a90050ee599d62a1e1f4.png\",\"width\":60},\"vendorItemId\":93375800911},\"priceInfo\":{\"finalPrice\":{\"applicable\":true,\"displayPrice\":\"29,900원\",\"price\":29900},\"finalPriceDiscountRate\":25,\"originalPrice\":{\"applicable\":true,\"displayPrice\":\"39,900원\",\"price\":39900}},\"viewType\":\"PRODUCT_DETAIL_HANDLEBAR_BASE_INFO\"},{\"pddList\":[{\"arrivalDate\":1757689199999,\"arrivalMessage\":\"모레(금) 9/12 도착 예정\",\"deliveryChargeType\":\"FREE\",\"deliveryCompany\":\"로젠택배\",\"freeShippingThreshold\":0,\"is3pDelivery\":true,\"wowArrivalDate\":1757689199999,\"wowShippingSpeed\":\"STANDARD\"}],\"viewType\":\"PRODUCT_DETAIL_DELIVERY_INFO\"},{\"sellerInfo\":{\"sellerName\":\"밸류코드 주식회사\",\"sellerNameLabel\":\"판매자: \"},\"viewType\":\"PRODUCT_DETAIL_SELLER_INFO\"}],\"price\":{\"cashPromotionMessage\":null,\"couponDiscountAmount\":null,\"couponPrice\":\"29,900\",\"couponPriceTitle\":\"\",\"couponUnitPrice\":\"100g당 2,990원\",\"description\":null,\"discountRate\":\"25\",\"finalPrice\":\"29,900\",\"gppuPricePolicy\":[{\"description\":\"업체의 권장소비자가 또는 공식 판매처 판매가 또는 도서 정가(도서 정가제 대상인 경우)입니다. 해당 가격이 없는 경우 90일 내 쿠팡에서 판매된 가격 중 가장 높은 가격을 표시합니다.\",\"priceInfo\":\"\u003cspan class='discount-rate'\u003e25%\u003c/span\u003e\u003cspan class='origin-price'\u003e39,900원\u003c/span\u003e\"}],\"hasNormalCouponDiscount\":false,\"hasNormalInstantDiscount\":false,\"hasWowCouponDiscount\":false,\"hasWowInstantDiscount\":false,\"i18nCouponDiscountAmount\":null,\"i18nCouponPrice\":{\"amount\":\"29900\",\"currency\":\"KRW\",\"fractionDigits\":0,\"rawAmount\":null},\"i18nOriginPrice\":{\"amount\":\"39900\",\"currency\":\"KRW\",\"fractionDigits\":0,\"rawAmount\":null},\"i18nPriceAmount\":null,\"i18nSalePrice\":{\"amount\":\"29900\",\"currency\":\"KRW\",\"fractionDigits\":0,\"rawAmount\":null},\"instantDiscount\":false,\"instantPriceType\":null,\"loyaltyButtonText\":null,\"loyaltyRegistrationUrl\":null,\"originPrice\":\"39,900\",\"originalPriceDesc\":null,\"priceAmount\":null,\"salePrice\":\"29,900\",\"salePriceTitle\":\"\",\"saleUnitPrice\":\"100g당 2,990원\",\"title\":null,\"type\":null,\"unitDiscountRate\":null,\"unitPrice\":null,\"wowCouponDiscount\":false},\"priceList\":[{\"cashPromotionMessage\":null,\"couponDiscountAmount\":null,\"couponPrice\":null,\"couponPriceTitle\":null,\"couponUnitPrice\":null,\"description\":null,\"discountRate\":null,\"finalPrice\":null,\"gppuPricePolicy\":null,\"hasNormalCouponDiscount\":false,\"hasNormalInstantDiscount\":false,\"hasWowCouponDiscount\":false,\"hasWowInstantDiscount\":false,\"i18nCouponDiscountAmount\":null,\"i18nCouponPrice\":null,\"i18nOriginPrice\":null,\"i18nPriceAmount\":{\"amount\":\"29900\",\"currency\":\"KRW\",\"fractionDigits\":0,\"rawAmount\":null},\"i18nSalePrice\":null,\"instantDiscount\":null,\"instantPriceType\":null,\"loyaltyButtonText\":null,\"loyaltyRegistrationUrl\":null,\"originPrice\":null,\"originalPriceDesc\":null,\"priceAmount\":\"29,900\",\"salePrice\":null,\"salePriceTitle\":null,\"saleUnitPrice\":null,\"title\":\"쿠팡판매가\",\"type\":\"SALES\",\"unitDiscountRate\":null,\"unitPrice\":\"100g당 2,990원\",\"wowCouponDiscount\":false}],\"priceUnit\":\"원\",\"quantity\":1,\"quantityLimitationVO\":null,\"selectedIndex\":0,\"shipmentDisplayType\":\"NORMAL\",\"shippingFee\":{\"dividerIcon\":null,\"extremeMessage\":null,\"freeShippingConditionMessage\":null,\"message\":\"\u003cem class='prod-txt-bold'\u003e무료배송\u003c/em\u003e\",\"popupFreeShippingConditionMessage\":null,\"returnFeeMessage\":null,\"shippingFee\":\"0\",\"shippingFeeIcon\":null,\"shippingFeeType\":\"FREE\",\"title\":null,\"titleIcon\":null},\"shippingFeeList\":[{\"dividerIcon\":null,\"extremeMessage\":null,\"freeShippingConditionMessage\":null,\"message\":\"\u003cem class='prod-txt-bold'\u003e무료배송\u003c/em\u003e\",\"popupFreeShippingConditionMessage\":null,\"returnFeeMessage\":null,\"shippingFee\":null,\"shippingFeeIcon\":null,\"shippingFeeType\":\"FREE\",\"title\":null,\"titleIcon\":null}],\"subscriptionDelivery\":null,\"subscriptionDiscountRate\":-1,\"subscriptionPrice\":null,\"subscriptionPriceList\":[],\"wowOnlyInstantDiscountRate\":0}],\"restockNotification\":false,\"retail\":false,\"rocketLuxuryDisclaimer\":null,\"roleCode\":null,\"ruleBasedTitle\":null,\"sellingInfoVo\":null,\"shippingConsolidationLink\":null,\"soldOut\":false,\"stickBanners\":null,\"subscribeInfo\":null,\"summary\":null,\"supplier\":null,\"topSellingInfo\":null,\"used\":false,\"vendor\":null,\"vendorItemId\":93375800911,\"warrantyServiceVo\":null,\"wishList\":false},\"3996768245,3166106933\":{\"additionalData\":null,\"almostSoldOut\":false,\"apiUrlMap\":{\"addToCartUrl\":\"coupang://addCart?itemId=26399590830\u0026productId=9007354491\u0026vendorItemId=93375800915\u0026sourceType=offerDetail\u0026price=116900\u0026sdpVisitKey=\u0026isLoser=false\u0026offerStatus=NEW\",\"shippingConsolidationUrl\":\"/vp/products/9007354491/vendor-items/93375800915/shipping-consolidation-widget-v2?vendorId=A00962419\u0026shippingPlaceId=21741137\"},\"attributeTitle\":null,\"authenticity\":null,\"authors\":null,\"badgeMap\":{},\"bizBadge\":null,\"blockInfo\":null,\"bundleOption\":null,\"buyableQuantity\":50,\"cashBackSummary\":null,\"ccidEligible\":false,\"ccidInfo\":null,\"couponList\":null,\"dawnOnly\":false,\"deliveryAttribute\":false,\"discountBenefitDescription\":null,\"discountBenefitDescriptionList\":null,\"easePayment\":null,\"freshEligible\":false,\"giftcard\":false,\"globalCCIDInfo\":null,\"globalInstallmentInfo\":null,\"goldFish\":false,\"highlights\":null,\"images\":[{\"detailImage\":\"//thumbnail.coupangcdn.com/thumbnails/remote/492x492ex/image/vendor_inventory/5a29/ad60842847c4ed6704211970e47c500c01d878b4a90050ee599d62a1e1f4.png\",\"origin\":\"//image.coupangcdn.com/image/vendor_inventory/5a29/ad60842847c4ed6704211970e47c500c01d878b4a90050ee599d62a1e1f4.png\",\"preloadImage\":\"//thumbnail.coupangcdn.com/thumbnails/remote/230x230ex/image/vendor_inventory/5a29/ad60842847c4ed6704211970e47c500c01d878b4a90050ee599d62a1e1f4.png\",\"thumbnailImage\":\"//thumbnail.coupangcdn.com/thumbnails/remote/48x48ex/image/vendor_inventory/5a29/ad60842847c4ed6704211970e47c500c01d878b4a90050ee599d62a1e1f4.png\"},{\"detailImage\":\"//thumbnail.coupangcdn.com/thumbnails/remote/492x492ex/image/vendor_inventory/a684/99287514f9add60ee37af25232b4745a29509d01457867e5eb84dfdbfe00.png\",\"origin\":\"//image.coupangcdn.com/image/vendor_inventory/a684/99287514f9add60ee37af25232b4745a29509d01457867e5eb84dfdbfe00.png\",\"preloadImage\":\"//thumbnail.coupangcdn.com/thumbnails/remote/230x230ex/image/vendor_inventory/a684/99287514f9add60ee37af25232b4745a29509d01457867e5eb84dfdbfe00.png\",\"thumbnailImage\":\"//thumbnail.coupangcdn.com/thumbnails/remote/48x48ex/image/vendor_inventory/a684/99287514f9add60ee37af25232b4745a29509d01457867e5eb84dfdbfe00.png\"},{\"detailImage\":\"//thumbnail.coupangcdn.com/thumbnails/remote/492x492ex/image/vendor_inventory/be46/628421a2f405c364a5c281e3c395061e7912a531813c968310e53115afa2.png\",\"origin\":\"//image.coupangcdn.com/image/vendor_inventory/be46/628421a2f405c364a5c281e3c395061e7912a531813c968310e53115afa2.png\",\"preloadImage\":\"//thumbnail.coupangcdn.com/thumbnails/remote/230x230ex/image/vendor_inventory/be46/628421a2f405c364a5c281e3c395061e7912a531813c968310e53115afa2.png\",\"thumbnailImage\":\"//thumbnail.coupangcdn.com/thumbnails/remote/48x48ex/image/vendor_inventory/be46/628421a2f405c364a5c281e3c395061e7912a531813c968310e53115afa2.png\"},{\"detailImage\":\"//thumbnail.coupangcdn.com/thumbnails/remote/492x492ex/image/vendor_inventory/3960/b4304a024c951b12f43eba227274934cbdd5f2e2685c399b3a21612746aa.png\",\"origin\":\"//image.coupangcdn.com/image/vendor_inventory/3960/b4304a024c951b12f43eba227274934cbdd5f2e2685c399b3a21612746aa.png\",\"preloadImage\":\"//thumbnail.coupangcdn.com/thumbnails/remote/230x230ex/image/vendor_inventory/3960/b4304a024c951b12f43eba227274934cbdd5f2e2685c399b3a21612746aa.png\",\"thumbnailImage\":\"//thumbnail.coupangcdn.com/thumbnails/remote/48x48ex/image/vendor_inventory/3960/b4304a024c951b12f43eba227274934cbdd5f2e2685c399b3a21612746aa.png\"},{\"detailImage\":\"//thumbnail.coupangcdn.com/thumbnails/remote/492x492ex/image/vendor_inventory/4321/1ebe96e45a023dcdc9bd41bdcec4bb24db736e62034e8d9a9acca205a6ff.png\",\"origin\":\"//image.coupangcdn.com/image/vendor_inventory/4321/1ebe96e45a023dcdc9bd41bdcec4bb24db736e62034e8d9a9acca205a6ff.png\",\"preloadImage\":\"//thumbnail.coupangcdn.com/thumbnails/remote/230x230ex/image/vendor_inventory/4321/1ebe96e45a023dcdc9bd41bdcec4bb24db736e62034e8d9a9acca205a6ff.png\",\"thumbnailImage\":\"//thumbnail.coupangcdn.com/thumbnails/remote/48x48ex/image/vendor_inventory/4321/1ebe96e45a023dcdc9bd41bdcec4bb24db736e62034e8d9a9acca205a6ff.png\"},{\"detailImage\":\"//thumbnail.coupangcdn.com/thumbnails/remote/492x492ex/image/vendor_inventory/372d/1ba18192cd70d33410850d582cd31bf20e46a50335ce6018f71e9ad31b70.png\",\"origin\":\"//image.coupangcdn.com/image/vendor_inventory/372d/1ba18192cd70d33410850d582cd31bf20e46a50335ce6018f71e9ad31b70.png\",\"preloadImage\":\"//thumbnail.coupangcdn.com/thumbnails/remote/230x230ex/image/vendor_inventory/372d/1ba18192cd70d33410850d582cd31bf20e46a50335ce6018f71e9ad31b70.png\",\"thumbnailImage\":\"//thumbnail.coupangcdn.com/thumbnails/remote/48x48ex/image/vendor_inventory/372d/1ba18192cd70d33410850d582cd31bf20e46a50335ce6018f71e9ad31b70.png\"},{\"detailImage\":\"//thumbnail.coupangcdn.com/thumbnails/remote/492x492ex/image/vendor_inventory/ba7d/2857ae92b2a1db38b4990cf4f23a75773cf2c3003bd8df877a6a62d578e7.png\",\"origin\":\"//image.coupangcdn.com/image/vendor_inventory/ba7d/2857ae92b2a1db38b4990cf4f23a75773cf2c3003bd8df877a6a62d578e7.png\",\"preloadImage\":\"//thumbnail.coupangcdn.com/thumbnails/remote/230x230ex/image/vendor_inventory/ba7d/2857ae92b2a1db38b4990cf4f23a75773cf2c3003bd8df877a6a62d578e7.png\",\"thumbnailImage\":\"//thumbnail.coupangcdn.com/thumbnails/remote/48x48ex/image/vendor_inventory/ba7d/2857ae92b2a1db38b4990cf4f23a75773cf2c3003bd8df877a6a62d578e7.png\"},{\"detailImage\":\"//thumbnail.coupangcdn.com/thumbnails/remote/492x492ex/image/vendor_inventory/6439/325aa6fb1dbe64c1063dd60cefe87af1ae33c9e5b0081ace19ce1a021813.png\",\"origin\":\"//image.coupangcdn.com/image/vendor_inventory/6439/325aa6fb1dbe64c1063dd60cefe87af1ae33c9e5b0081ace19ce1a021813.png\",\"preloadImage\":\"//thumbnail.coupangcdn.com/thumbnails/remote/230x230ex/image/vendor_inventory/6439/325aa6fb1dbe64c1063dd60cefe87af1ae33c9e5b0081ace19ce1a021813.png\",\"thumbnailImage\":\"//thumbnail.coupangcdn.com/thumbnails/remote/48x48ex/image/vendor_inventory/6439/325aa6fb1dbe64c1063dd60cefe87af1ae33c9e5b0081ace19ce1a021813.png\"},{\"detailImage\":\"//thumbnail.coupangcdn.com/thumbnails/remote/492x492ex/image/vendor_inventory/ce86/cc5d97387039c95869d104b3940da955dbe0b4df4e0df35723b499046e4a.png\",\"origin\":\"//image.coupangcdn.com/image/vendor_inventory/ce86/cc5d97387039c95869d104b3940da955dbe0b4df4e0df35723b499046e4a.png\",\"preloadImage\":\"//thumbnail.coupangcdn.com/thumbnails/remote/230x230ex/image/vendor_inventory/ce86/cc5d97387039c95869d104b3940da955dbe0b4df4e0df35723b499046e4a.png\",\"thumbnailImage\":\"//thumbnail.coupangcdn.com/thumbnails/remote/48x48ex/image/vendor_inventory/ce86/cc5d97387039c95869d104b3940da955dbe0b4df4e0df35723b499046e4a.png\"},{\"detailImage\":\"//thumbnail.coupangcdn.com/thumbnails/remote/492x492ex/image/vendor_inventory/358b/6539bd8e4b3236ba7428b02dc4bbcd93ebb38f5ebdec07b8525a34a7d71d.png\",\"origin\":\"//image.coupangcdn.com/image/vendor_inventory/358b/6539bd8e4b3236ba7428b02dc4bbcd93ebb38f5ebdec07b8525a34a7d71d.png\",\"preloadImage\":\"//thumbnail.coupangcdn.com/thumbnails/remote/230x230ex/image/vendor_inventory/358b/6539bd8e4b3236ba7428b02dc4bbcd93ebb38f5ebdec07b8525a34a7d71d.png\",\"thumbnailImage\":\"//thumbnail.coupangcdn.com/thumbnails/remote/48x48ex/image/vendor_inventory/358b/6539bd8e4b3236ba7428b02dc4bbcd93ebb38f5ebdec07b8525a34a7d71d.png\"}],\"invalid\":false,\"inventory\":null,\"itemId\":26399590830,\"itemName\":\"삼시세끼연구소 최북단 연평도 조업 살이 단단한 25년 햇꽃게 활 꽃게 숫꽃게 생물, 1세트, 5kg\",\"limitNoticeVo\":null,\"linkedVendorItemInfo\":null,\"luxuryDiscountBenefit\":null,\"memberInfo\":null,\"offerBanner\":null,\"offerDescription\":null,\"otherSellerCount\":null,\"parentItemId\":null,\"preOrderVo\":null,\"quantityBase\":[{\"abFlags\":{\"applyExtremeProminenceFreeDeliveryMessages\":\"A\",\"jikgu1PWarrantyAB\":\"NOT_APPLICABLE\"},\"appliedCoupon\":null,\"benefitDisplayType\":null,\"bundleOption\":null,\"cashBackSummary\":null,\"delivery\":{\"badgeUrl\":null,\"company\":null,\"companyLabel\":null,\"countDownMessage\":null,\"countDownMillisecond\":null,\"delayMessage\":null,\"deliveryExtraInfo\":null,\"deliveryNotice\":null,\"deliveryReminderMessage\":null,\"descriptionBadge\":null,\"descriptionIcon\":null,\"descriptions\":\"\u003cem class='prod-txt-onyx prod-txt-font-14'\u003e모레(금) 9/12\u003c/em\u003e\u003cem class='prod-txt-onyx'\u003e 도착 예정 (판매자배송)\u003c/em\u003e\",\"extremeDescriptions\":null,\"hideQuestionMark\":false,\"logistics\":false,\"loyaltyButtonText\":null,\"rocketWowQuestionMark\":false,\"speedType\":null,\"title\":null,\"type\":\"VENDOR_DELIVERY\"},\"deliveryList\":[{\"badgeUrl\":null,\"company\":null,\"companyLabel\":null,\"countDownMessage\":null,\"countDownMillisecond\":null,\"delayMessage\":null,\"deliveryExtraInfo\":null,\"deliveryNotice\":null,\"deliveryReminderMessage\":null,\"descriptionBadge\":null,\"descriptionIcon\":null,\"descriptions\":\"\u003cem class='prod-txt-onyx prod-txt-font-14'\u003e모레(금) 9/12\u003c/em\u003e\u003cem class='prod-txt-onyx'\u003e 도착 예정 (판매자배송)\u003c/em\u003e\",\"extremeDescriptions\":null,\"hideQuestionMark\":false,\"logistics\":false,\"loyaltyButtonText\":null,\"rocketWowQuestionMark\":false,\"speedType\":null,\"title\":null,\"type\":\"VENDOR_DELIVERY\"}],\"freebieBenefit\":null,\"freebieBenefitV2\":null,\"freebiePromotions\":null,\"moduleData\":null,\"price\":{\"cashPromotionMessage\":null,\"couponDiscountAmount\":null,\"couponPrice\":\"116,900\",\"couponPriceTitle\":\"\",\"couponUnitPrice\":\"100g당 2,338원\",\"description\":null,\"discountRate\":\"41\",\"finalPrice\":\"116,900\",\"gppuPricePolicy\":[{\"description\":\"업체의 권장소비자가 또는 공식 판매처 판매가 또는 도서 정가(도서 정가제 대상인 경우)입니다. 해당 가격이 없는 경우 90일 내 쿠팡에서 판매된 가격 중 가장 높은 가격을 표시합니다.\",\"priceInfo\":\"\u003cspan class='discount-rate'\u003e41%\u003c/span\u003e\u003cspan class='origin-price'\u003e199,000원\u003c/span\u003e\"}],\"hasNormalCouponDiscount\":false,\"hasNormalInstantDiscount\":false,\"hasWowCouponDiscount\":false,\"hasWowInstantDiscount\":false,\"i18nCouponDiscountAmount\":null,\"i18nCouponPrice\":{\"amount\":\"116900\",\"currency\":\"KRW\",\"fractionDigits\":0,\"rawAmount\":null},\"i18nOriginPrice\":{\"amount\":\"199000\",\"currency\":\"KRW\",\"fractionDigits\":0,\"rawAmount\":null},\"i18nPriceAmount\":null,\"i18nSalePrice\":{\"amount\":\"116900\",\"currency\":\"KRW\",\"fractionDigits\":0,\"rawAmount\":null},\"instantDiscount\":false,\"instantPriceType\":null,\"loyaltyButtonText\":null,\"loyaltyRegistrationUrl\":null,\"originPrice\":\"199,000\",\"originalPriceDesc\":null,\"priceAmount\":null,\"salePrice\":\"116,900\",\"salePriceTitle\":\"\",\"saleUnitPrice\":\"100g당 2,338원\",\"title\":null,\"type\":null,\"unitDiscountRate\":null,\"unitPrice\":null,\"wowCouponDiscount\":false},\"priceList\":[{\"cashPromotionMessage\":null,\"couponDiscountAmount\":null,\"couponPrice\":null,\"couponPriceTitle\":null,\"couponUnitPrice\":null,\"description\":null,\"discountRate\":null,\"finalPrice\":null,\"gppuPricePolicy\":null,\"hasNormalCouponDiscount\":false,\"hasNormalInstantDiscount\":false,\"hasWowCouponDiscount\":false,\"hasWowInstantDiscount\":false,\"i18nCouponDiscountAmount\":null,\"i18nCouponPrice\":null,\"i18nOriginPrice\":null,\"i18nPriceAmount\":{\"amount\":\"116900\",\"currency\":\"KRW\",\"fractionDigits\":0,\"rawAmount\":null},\"i18nSalePrice\":null,\"instantDiscount\":null,\"instantPriceType\":null,\"loyaltyButtonText\":null,\"loyaltyRegistrationUrl\":null,\"originPrice\":null,\"originalPriceDesc\":null,\"priceAmount\":\"116,900\",\"salePrice\":null,\"salePriceTitle\":null,\"saleUnitPrice\":null,\"title\":\"쿠팡판매가\",\"type\":\"SALES\",\"unitDiscountRate\":null,\"unitPrice\":\"100g당 2,338원\",\"wowCouponDiscount\":false}],\"priceUnit\":\"원\",\"quantity\":1,\"quantityLimitationVO\":null,\"selectedIndex\":0,\"shipmentDisplayType\":\"NORMAL\",\"shippingFee\":{\"dividerIcon\":null,\"extremeMessage\":null,\"freeShippingConditionMessage\":null,\"message\":\"\u003cem class='prod-txt-bold'\u003e무료배송\u003c/em\u003e\",\"popupFreeShippingConditionMessage\":null,\"returnFeeMessage\":null,\"shippingFee\":\"0\",\"shippingFeeIcon\":null,\"shippingFeeType\":\"FREE\",\"title\":null,\"titleIcon\":null},\"shippingFeeList\":[{\"dividerIcon\":null,\"extremeMessage\":null,\"freeShippingConditionMessage\":null,\"message\":\"\u003cem class='prod-txt-bold'\u003e무료배송\u003c/em\u003e\",\"popupFreeShippingConditionMessage\":null,\"returnFeeMessage\":null,\"shippingFee\":null,\"shippingFeeIcon\":null,\"shippingFeeType\":\"FREE\",\"title\":null,\"titleIcon\":null}],\"subscriptionDelivery\":null,\"subscriptionDiscountRate\":-1,\"subscriptionPrice\":null,\"subscriptionPriceList\":[],\"wowOnlyInstantDiscountRate\":0}],\"restockNotification\":false,\"retail\":false,\"rocketLuxuryDisclaimer\":null,\"roleCode\":null,\"ruleBasedTitle\":null,\"sellingInfoVo\":null,\"shippingConsolidationLink\":null,\"soldOut\":false,\"stickBanners\":null,\"subscribeInfo\":null,\"summary\":null,\"supplier\":null,\"topSellingInfo\":null,\"used\":false,\"vendor\":null,\"vendorItemId\":93375800915,\"warrantyServiceVo\":null,\"wishList\":false},\"3996766323,3166106933\":{\"additionalData\":null,\"almostSoldOut\":false,\"apiUrlMap\":{\"addToCartUrl\":\"coupang://addCart?itemId=26399590835\u0026productId=9007354491\u0026vendorItemId=93375800916\u0026sourceType=offerDetail\u0026price=79900\u0026sdpVisitKey=\u0026isLoser=false\u0026offerStatus=NEW\",\"shippingConsolidationUrl\":\"/vp/products/9007354491/vendor-items/93375800916/shipping-consolidation-widget-v2?vendorId=A00962419\u0026shippingPlaceId=21741137\"},\"attributeTitle\":null,\"authenticity\":null,\"authors\":null,\"badgeMap\":{},\"bizBadge\":null,\"blockInfo\":null,\"bundleOption\":null,\"buyableQuantity\":50,\"cashBackSummary\":null,\"ccidEligible\":false,\"ccidInfo\":null,\"couponList\":null,\"dawnOnly\":false,\"deliveryAttribute\":false,\"discountBenefitDescription\":null,\"discountBenefitDescriptionList\":null,\"easePayment\":null,\"freshEligible\":false,\"giftcard\":false,\"globalCCIDInfo\":null,\"globalInstallmentInfo\":null,\"goldFish\":false,\"highlights\":null,\"images\":[{\"detailImage\":\"//thumbnail.coupangcdn.com/thumbnails/remote/492x492ex/image/vendor_inventory/5a29/ad60842847c4ed6704211970e47c500c01d878b4a90050ee599d62a1e1f4.png\",\"origin\":\"//image.coupangcdn.com/image/vendor_inventory/5a29/ad60842847c4ed6704211970e47c500c01d878b4a90050ee599d62a1e1f4.png\",\"preloadImage\":\"//thumbnail.coupangcdn.com/thumbnails/remote/230x230ex/image/vendor_inventory/5a29/ad60842847c4ed6704211970e47c500c01d878b4a90050ee599d62a1e1f4.png\",\"thumbnailImage\":\"//thumbnail.coupangcdn.com/thumbnails/remote/48x48ex/image/vendor_inventory/5a29/ad60842847c4ed6704211970e47c500c01d878b4a90050ee599d62a1e1f4.png\"},{\"detailImage\":\"//thumbnail.coupangcdn.com/thumbnails/remote/492x492ex/image/vendor_inventory/a684/99287514f9add60ee37af25232b4745a29509d01457867e5eb84dfdbfe00.png\",\"origin\":\"//image.coupangcdn.com/image/vendor_inventory/a684/99287514f9add60ee37af25232b4745a29509d01457867e5eb84dfdbfe00.png\",\"preloadImage\":\"//thumbnail.coupangcdn.com/thumbnails/remote/230x230ex/image/vendor_inventory/a684/99287514f9add60ee37af25232b4745a29509d01457867e5eb84dfdbfe00.png\",\"thumbnailImage\":\"//thumbnail.coupangcdn.com/thumbnails/remote/48x48ex/image/vendor_inventory/a684/99287514f9add60ee37af25232b4745a29509d01457867e5eb84dfdbfe00.png\"},{\"detailImage\":\"//thumbnail.coupangcdn.com/thumbnails/remote/492x492ex/image/vendor_inventory/be46/628421a2f405c364a5c281e3c395061e7912a531813c968310e53115afa2.png\",\"origin\":\"//image.coupangcdn.com/image/vendor_inventory/be46/628421a2f405c364a5c281e3c395061e7912a531813c968310e53115afa2.png\",\"preloadImage\":\"//thumbnail.coupangcdn.com/thumbnails/remote/230x230ex/image/vendor_inventory/be46/628421a2f405c364a5c281e3c395061e7912a531813c968310e53115afa2.png\",\"thumbnailImage\":\"//thumbnail.coupangcdn.com/thumbnails/remote/48x48ex/image/vendor_inventory/be46/628421a2f405c364a5c281e3c395061e7912a531813c968310e53115afa2.png\"},{\"detailImage\":\"//thumbnail.coupangcdn.com/thumbnails/remote/492x492ex/image/vendor_inventory/3960/b4304a024c951b12f43eba227274934cbdd5f2e2685c399b3a21612746aa.png\",\"origin\":\"//image.coupangcdn.com/image/vendor_inventory/3960/b4304a024c951b12f43eba227274934cbdd5f2e2685c399b3a21612746aa.png\",\"preloadImage\":\"//thumbnail.coupangcdn.com/thumbnails/remote/230x230ex/image/vendor_inventory/3960/b4304a024c951b12f43eba227274934cbdd5f2e2685c399b3a21612746aa.png\",\"thumbnailImage\":\"//thumbnail.coupangcdn.com/thumbnails/remote/48x48ex/image/vendor_inventory/3960/b4304a024c951b12f43eba227274934cbdd5f2e2685c399b3a21612746aa.png\"},{\"detailImage\":\"//thumbnail.coupangcdn.com/thumbnails/remote/492x492ex/image/vendor_inventory/4321/1ebe96e45a023dcdc9bd41bdcec4bb24db736e62034e8d9a9acca205a6ff.png\",\"origin\":\"//image.coupangcdn.com/image/vendor_inventory/4321/1ebe96e45a023dcdc9bd41bdcec4bb24db736e62034e8d9a9acca205a6ff.png\",\"preloadImage\":\"//thumbnail.coupangcdn.com/thumbnails/remote/230x230ex/image/vendor_inventory/4321/1ebe96e45a023dcdc9bd41bdcec4bb24db736e62034e8d9a9acca205a6ff.png\",\"thumbnailImage\":\"//thumbnail.coupangcdn.com/thumbnails/remote/48x48ex/image/vendor_inventory/4321/1ebe96e45a023dcdc9bd41bdcec4bb24db736e62034e8d9a9acca205a6ff.png\"},{\"detailImage\":\"//thumbnail.coupangcdn.com/thumbnails/remote/492x492ex/image/vendor_inventory/372d/1ba18192cd70d33410850d582cd31bf20e46a50335ce6018f71e9ad31b70.png\",\"origin\":\"//image.coupangcdn.com/image/vendor_inventory/372d/1ba18192cd70d33410850d582cd31bf20e46a50335ce6018f71e9ad31b70.png\",\"preloadImage\":\"//thumbnail.coupangcdn.com/thumbnails/remote/230x230ex/image/vendor_inventory/372d/1ba18192cd70d33410850d582cd31bf20e46a50335ce6018f71e9ad31b70.png\",\"thumbnailImage\":\"//thumbnail.coupangcdn.com/thumbnails/remote/48x48ex/image/vendor_inventory/372d/1ba18192cd70d33410850d582cd31bf20e46a50335ce6018f71e9ad31b70.png\"},{\"detailImage\":\"//thumbnail.coupangcdn.com/thumbnails/remote/492x492ex/image/vendor_inventory/ba7d/2857ae92b2a1db38b4990cf4f23a75773cf2c3003bd8df877a6a62d578e7.png\",\"origin\":\"//image.coupangcdn.com/image/vendor_inventory/ba7d/2857ae92b2a1db38b4990cf4f23a75773cf2c3003bd8df877a6a62d578e7.png\",\"preloadImage\":\"//thumbnail.coupangcdn.com/thumbnails/remote/230x230ex/image/vendor_inventory/ba7d/2857ae92b2a1db38b4990cf4f23a75773cf2c3003bd8df877a6a62d578e7.png\",\"thumbnailImage\":\"//thumbnail.coupangcdn.com/thumbnails/remote/48x48ex/image/vendor_inventory/ba7d/2857ae92b2a1db38b4990cf4f23a75773cf2c3003bd8df877a6a62d578e7.png\"},{\"detailImage\":\"//thumbnail.coupangcdn.com/thumbnails/remote/492x492ex/image/vendor_inventory/6439/325aa6fb1dbe64c1063dd60cefe87af1ae33c9e5b0081ace19ce1a021813.png\",\"origin\":\"//image.coupangcdn.com/image/vendor_inventory/6439/325aa6fb1dbe64c1063dd60cefe87af1ae33c9e5b0081ace19ce1a021813.png\",\"preloadImage\":\"//thumbnail.coupangcdn.com/thumbnails/remote/230x230ex/image/vendor_inventory/6439/325aa6fb1dbe64c1063dd60cefe87af1ae33c9e5b0081ace19ce1a021813.png\",\"thumbnailImage\":\"//thumbnail.coupangcdn.com/thumbnails/remote/48x48ex/image/vendor_inventory/6439/325aa6fb1dbe64c1063dd60cefe87af1ae33c9e5b0081ace19ce1a021813.png\"},{\"detailImage\":\"//thumbnail.coupangcdn.com/thumbnails/remote/492x492ex/image/vendor_inventory/ce86/cc5d97387039c95869d104b3940da955dbe0b4df4e0df35723b499046e4a.png\",\"origin\":\"//image.coupangcdn.com/image/vendor_inventory/ce86/cc5d97387039c95869d104b3940da955dbe0b4df4e0df35723b499046e4a.png\",\"preloadImage\":\"//thumbnail.coupangcdn.com/thumbnails/remote/230x230ex/image/vendor_inventory/ce86/cc5d97387039c95869d104b3940da955dbe0b4df4e0df35723b499046e4a.png\",\"thumbnailImage\":\"//thumbnail.coupangcdn.com/thumbnails/remote/48x48ex/image/vendor_inventory/ce86/cc5d97387039c95869d104b3940da955dbe0b4df4e0df35723b499046e4a.png\"},{\"detailImage\":\"//thumbnail.coupangcdn.com/thumbnails/remote/492x492ex/image/vendor_inventory/358b/6539bd8e4b3236ba7428b02dc4bbcd93ebb38f5ebdec07b8525a34a7d71d.png\",\"origin\":\"//image.coupangcdn.com/image/vendor_inventory/358b/6539bd8e4b3236ba7428b02dc4bbcd93ebb38f5ebdec07b8525a34a7d71d.png\",\"preloadImage\":\"//thumbnail.coupangcdn.com/thumbnails/remote/230x230ex/image/vendor_inventory/358b/6539bd8e4b3236ba7428b02dc4bbcd93ebb38f5ebdec07b8525a34a7d71d.png\",\"thumbnailImage\":\"//thumbnail.coupangcdn.com/thumbnails/remote/48x48ex/image/vendor_inventory/358b/6539bd8e4b3236ba7428b02dc4bbcd93ebb38f5ebdec07b8525a34a7d71d.png\"}],\"invalid\":false,\"inventory\":null,\"itemId\":26399590835,\"itemName\":\"삼시세끼연구소 최북단 연평도 조업 살이 단단한 25년 햇꽃게 활 꽃게 숫꽃게 생물, 1세트, 3kg\",\"limitNoticeVo\":null,\"linkedVendorItemInfo\":null,\"luxuryDiscountBenefit\":null,\"memberInfo\":null,\"offerBanner\":null,\"offerDescription\":null,\"otherSellerCount\":null,\"parentItemId\":null,\"preOrderVo\":null,\"quantityBase\":[{\"abFlags\":{\"applyExtremeProminenceFreeDeliveryMessages\":\"A\",\"jikgu1PWarrantyAB\":\"NOT_APPLICABLE\"},\"appliedCoupon\":null,\"benefitDisplayType\":null,\"bundleOption\":null,\"cashBackSummary\":null,\"delivery\":{\"badgeUrl\":null,\"company\":null,\"companyLabel\":null,\"countDownMessage\":null,\"countDownMillisecond\":null,\"delayMessage\":null,\"deliveryExtraInfo\":null,\"deliveryNotice\":null,\"deliveryReminderMessage\":null,\"descriptionBadge\":null,\"descriptionIcon\":null,\"descriptions\":\"\u003cem class='prod-txt-onyx prod-txt-font-14'\u003e모레(금) 9/12\u003c/em\u003e\u003cem class='prod-txt-onyx'\u003e 도착 예정 (판매자배송)\u003c/em\u003e\",\"extremeDescriptions\":null,\"hideQuestionMark\":false,\"logistics\":false,\"loyaltyButtonText\":null,\"rocketWowQuestionMark\":false,\"speedType\":null,\"title\":null,\"type\":\"VENDOR_DELIVERY\"},\"deliveryList\":[{\"badgeUrl\":null,\"company\":null,\"companyLabel\":null,\"countDownMessage\":null,\"countDownMillisecond\":null,\"delayMessage\":null,\"deliveryExtraInfo\":null,\"deliveryNotice\":null,\"deliveryReminderMessage\":null,\"descriptionBadge\":null,\"descriptionIcon\":null,\"descriptions\":\"\u003cem class='prod-txt-onyx prod-txt-font-14'\u003e모레(금) 9/12\u003c/em\u003e\u003cem class='prod-txt-onyx'\u003e 도착 예정 (판매자배송)\u003c/em\u003e\",\"extremeDescriptions\":null,\"hideQuestionMark\":false,\"logistics\":false,\"loyaltyButtonText\":null,\"rocketWowQuestionMark\":false,\"speedType\":null,\"title\":null,\"type\":\"VENDOR_DELIVERY\"}],\"freebieBenefit\":null,\"freebieBenefitV2\":null,\"freebiePromotions\":null,\"moduleData\":null,\"price\":{\"cashPromotionMessage\":null,\"couponDiscountAmount\":null,\"couponPrice\":\"79,900\",\"couponPriceTitle\":\"\",\"couponUnitPrice\":\"100g당 2,663원\",\"description\":null,\"discountRate\":\"33\",\"finalPrice\":\"79,900\",\"gppuPricePolicy\":[{\"description\":\"업체의 권장소비자가 또는 공식 판매처 판매가 또는 도서 정가(도서 정가제 대상인 경우)입니다. 해당 가격이 없는 경우 90일 내 쿠팡에서 판매된 가격 중 가장 높은 가격을 표시합니다.\",\"priceInfo\":\"\u003cspan class='discount-rate'\u003e33%\u003c/span\u003e\u003cspan class='origin-price'\u003e119,700원\u003c/span\u003e\"}],\"hasNormalCouponDiscount\":false,\"hasNormalInstantDiscount\":false,\"hasWowCouponDiscount\":false,\"hasWowInstantDiscount\":false,\"i18nCouponDiscountAmount\":null,\"i18nCouponPrice\":{\"amount\":\"79900\",\"currency\":\"KRW\",\"fractionDigits\":0,\"rawAmount\":null},\"i18nOriginPrice\":{\"amount\":\"119700\",\"currency\":\"KRW\",\"fractionDigits\":0,\"rawAmount\":null},\"i18nPriceAmount\":null,\"i18nSalePrice\":{\"amount\":\"79900\",\"currency\":\"KRW\",\"fractionDigits\":0,\"rawAmount\":null},\"instantDiscount\":false,\"instantPriceType\":null,\"loyaltyButtonText\":null,\"loyaltyRegistrationUrl\":null,\"originPrice\":\"119,700\",\"originalPriceDesc\":null,\"priceAmount\":null,\"salePrice\":\"79,900\",\"salePriceTitle\":\"\",\"saleUnitPrice\":\"100g당 2,663원\",\"title\":null,\"type\":null,\"unitDiscountRate\":null,\"unitPrice\":null,\"wowCouponDiscount\":false},\"priceList\":[{\"cashPromotionMessage\":null,\"couponDiscountAmount\":null,\"couponPrice\":null,\"couponPriceTitle\":null,\"couponUnitPrice\":null,\"description\":null,\"discountRate\":null,\"finalPrice\":null,\"gppuPricePolicy\":null,\"hasNormalCouponDiscount\":false,\"hasNormalInstantDiscount\":false,\"hasWowCouponDiscount\":false,\"hasWowInstantDiscount\":false,\"i18nCouponDiscountAmount\":null,\"i18nCouponPrice\":null,\"i18nOriginPrice\":null,\"i18nPriceAmount\":{\"amount\":\"79900\",\"currency\":\"KRW\",\"fractionDigits\":0,\"rawAmount\":null},\"i18nSalePrice\":null,\"instantDiscount\":null,\"instantPriceType\":null,\"loyaltyButtonText\":null,\"loyaltyRegistrationUrl\":null,\"originPrice\":null,\"originalPriceDesc\":null,\"priceAmount\":\"79,900\",\"salePrice\":null,\"salePriceTitle\":null,\"saleUnitPrice\":null,\"title\":\"쿠팡판매가\",\"type\":\"SALES\",\"unitDiscountRate\":null,\"unitPrice\":\"100g당 2,663원\",\"wowCouponDiscount\":false}],\"priceUnit\":\"원\",\"quantity\":1,\"quantityLimitationVO\":null,\"selectedIndex\":0,\"shipmentDisplayType\":\"NORMAL\",\"shippingFee\":{\"dividerIcon\":null,\"extremeMessage\":null,\"freeShippingConditionMessage\":null,\"message\":\"\u003cem class='prod-txt-bold'\u003e무료배송\u003c/em\u003e\",\"popupFreeShippingConditionMessage\":null,\"returnFeeMessage\":null,\"shippingFee\":\"0\",\"shippingFeeIcon\":null,\"shippingFeeType\":\"FREE\",\"title\":null,\"titleIcon\":null},\"shippingFeeList\":[{\"dividerIcon\":null,\"extremeMessage\":null,\"freeShippingConditionMessage\":null,\"message\":\"\u003cem class='prod-txt-bold'\u003e무료배송\u003c/em\u003e\",\"popupFreeShippingConditionMessage\":null,\"returnFeeMessage\":null,\"shippingFee\":null,\"shippingFeeIcon\":null,\"shippingFeeType\":\"FREE\",\"title\":null,\"titleIcon\":null}],\"subscriptionDelivery\":null,\"subscriptionDiscountRate\":-1,\"subscriptionPrice\":null,\"subscriptionPriceList\":[],\"wowOnlyInstantDiscountRate\":0}],\"restockNotification\":false,\"retail\":false,\"rocketLuxuryDisclaimer\":null,\"roleCode\":null,\"ruleBasedTitle\":null,\"sellingInfoVo\":null,\"shippingConsolidationLink\":null,\"soldOut\":false,\"stickBanners\":null,\"subscribeInfo\":null,\"summary\":null,\"supplier\":null,\"topSellingInfo\":null,\"used\":false,\"vendor\":null,\"vendorItemId\":93375800916,\"warrantyServiceVo\":null,\"wishList\":false}},\"ceInstantOptionPickerTarget\":false,\"instantOptionShow\":false,\"laptopInstantOptionPickerTarget\":false,\"optionRows\":[{\"attributes\":[{\"bundleOptionMsg\":null,\"image\":null,\"name\":\"1kg × 1세트\",\"selected\":true,\"valueId\":\"3996764401,3166106933\"},{\"bundleOptionMsg\":null,\"image\":null,\"name\":\"2kg × 1세트\",\"selected\":false,\"valueId\":\"3996765362,3166106933\"},{\"bundleOptionMsg\":null,\"image\":null,\"name\":\"3kg × 1세트\",\"selected\":false,\"valueId\":\"3996766323,3166106933\"},{\"bundleOptionMsg\":null,\"image\":null,\"name\":\"4kg × 1세트\",\"selected\":false,\"valueId\":\"3996767284,3166106933\"},{\"bundleOptionMsg\":null,\"image\":null,\"name\":\"5kg × 1세트\",\"selected\":false,\"valueId\":\"3996768245,3166106933\"}],\"colorAttribute\":false,\"deliveryAttribute\":false,\"displayComponentType\":\"DROPDOWN\",\"displayType\":\"TEXT\",\"leaf\":true,\"name\":\"중량 × 수량\",\"selectedAttribute\":{\"bundleOptionMsg\":null,\"image\":null,\"name\":\"1kg × 1세트\",\"selected\":true,\"valueId\":\"3996764401,3166106933\"},\"sizeAttribute\":false,\"style\":null,\"typeId\":\"8477,7652\"}]},\"originalTitle\":null,\"otherSellerCount\":null,\"parentItemId\":null,\"preOrderVo\":null,\"productId\":9007354491,\"purchaseOnly\":false,\"quantityBase\":[{\"abFlags\":{\"applyExtremeProminenceFreeDeliveryMessages\":\"A\",\"jikgu1PWarrantyAB\":\"NOT_APPLICABLE\",\"ab54632\":\"B\"},\"appliedCoupon\":null,\"benefitDisplayType\":null,\"bundleOption\":{\"optionDetails\":null,\"options\":[],\"viewType\":null},\"cashBackSummary\":{\"basicCashBackList\":[{\"amount\":299,\"benefit\":\"쿠페이 머니 결제 시 1% 적립\",\"expired\":false,\"i18nAmount\":{\"amount\":\"299\",\"currency\":\"KRW\",\"fractionDigits\":0,\"rawAmount\":299},\"leftDays\":null,\"rate\":\"1\",\"type\":\"BASIC\",\"validity\":\"월 최대 1만원\"}],\"basicRocketPayCashAmt\":299,\"basicRocketPayRate\":\"1\",\"cashBackTitle\":\"캐시적립 혜택\",\"cashIconUrl\":\"https://image.coupangcdn.com/image/badges/cashback/web/list-cash-icon@2x.png\",\"cashWidgetIconUrl\":\"https://image.coupangcdn.com/image/badges/sdp/cashback/web/cash-icon@2x.png\",\"clubMemberCashAmt\":null,\"clubMemberRate\":null,\"clubMemberRewardExpires\":null,\"clubMemberRewardExpiryTime\":null,\"clubMemberRewardLeftDays\":null,\"couPayBankAmt\":598,\"couPayBankExpires\":false,\"couPayBankLeftDays\":1996,\"couPayBankRate\":\"2\",\"couPayMoneyAmt\":1196,\"couPayMoneyExpires\":false,\"couPayMoneyLeftDays\":1996,\"couPayMoneyRate\":\"4\",\"extraCashBackList\":[{\"amount\":598,\"benefit\":\"[로켓와우 + 쿠페이 계좌이체] 결제 시 2% 적립\",\"expired\":false,\"i18nAmount\":{\"amount\":\"598\",\"currency\":\"KRW\",\"fractionDigits\":0,\"rawAmount\":598},\"leftDays\":1996,\"rate\":\"2\",\"type\":\"COU_BANK\",\"validity\":\"이벤트 기간 30일, 최대 2만원\"},{\"amount\":1196,\"benefit\":\"[로켓와우 + 쿠페이 머니] 결제 시 4% 추가적립\",\"expired\":false,\"i18nAmount\":{\"amount\":\"1196\",\"currency\":\"KRW\",\"fractionDigits\":0,\"rawAmount\":1196},\"leftDays\":1996,\"rate\":\"4\",\"type\":\"COU_MONEY\",\"validity\":\"이벤트 기간 30일, 최대 4만원\"}],\"finalCashBackAmt\":1495,\"finalCashBackAmtIncludeRewardCashAmount\":1495,\"giftRewardCashAmount\":null,\"i18nBasicRocketPayCashAmt\":{\"amount\":\"299\",\"currency\":\"KRW\",\"fractionDigits\":0,\"rawAmount\":299},\"i18nClubMemberCashAmt\":null,\"i18nCouPayBankAmt\":{\"amount\":\"598\",\"currency\":\"KRW\",\"fractionDigits\":0,\"rawAmount\":598},\"i18nCouPayMoneyAmt\":{\"amount\":\"1196\",\"currency\":\"KRW\",\"fractionDigits\":0,\"rawAmount\":1196},\"i18nFinalCashBackAmt\":{\"amount\":\"1495\",\"currency\":\"KRW\",\"fractionDigits\":0,\"rawAmount\":1495},\"i18nFinalCashBackAmtIncludeRewardCashAmount\":{\"amount\":\"1495\",\"currency\":\"KRW\",\"fractionDigits\":0,\"rawAmount\":1495},\"i18nRewardCashAmount\":null,\"inBookCategory\":null,\"luxuryItem\":false,\"popupType\":\"WITHEXTRA\",\"rewardCashAmount\":null,\"targetedPromotionBanner\":null},\"delivery\":{\"badgeUrl\":null,\"company\":\"로젠택배\",\"companyLabel\":\"배송사: \",\"countDownMessage\":null,\"countDownMillisecond\":null,\"delayMessage\":\"\",\"deliveryExtraInfo\":null,\"deliveryNotice\":null,\"deliveryReminderMessage\":null,\"descriptionBadge\":null,\"descriptionIcon\":null,\"descriptions\":\"\u003cem class='prod-txt-onyx prod-txt-font-14'\u003e모레(금) 9/12\u003c/em\u003e\u003cem class='prod-txt-onyx'\u003e 도착 예정\u003c/em\u003e\",\"extremeDescriptions\":null,\"hideQuestionMark\":false,\"logistics\":false,\"loyaltyButtonText\":null,\"rocketWowQuestionMark\":false,\"speedType\":null,\"title\":null,\"type\":\"VENDOR_DELIVERY\"},\"deliveryList\":[{\"badgeUrl\":null,\"company\":\"로젠택배\",\"companyLabel\":\"배송사: \",\"countDownMessage\":null,\"countDownMillisecond\":null,\"delayMessage\":\"\",\"deliveryExtraInfo\":null,\"deliveryNotice\":null,\"deliveryReminderMessage\":null,\"descriptionBadge\":null,\"descriptionIcon\":null,\"descriptions\":\"\u003cem class='prod-txt-onyx prod-txt-font-14'\u003e모레(금) 9/12\u003c/em\u003e\u003cem class='prod-txt-onyx'\u003e 도착 예정\u003c/em\u003e\",\"extremeDescriptions\":null,\"hideQuestionMark\":false,\"logistics\":false,\"loyaltyButtonText\":null,\"rocketWowQuestionMark\":false,\"speedType\":null,\"title\":null,\"type\":\"VENDOR_DELIVERY\"}],\"freebieBenefit\":null,\"freebieBenefitV2\":null,\"freebiePromotions\":null,\"moduleData\":[{\"abFlags\":{\"displayTwoPricesWow\":\"A\",\"sdpCartUpdateNewPmcPolicy\":\"false\",\"deliveryFeeToggleShow\":\"false\"},\"detailPriceBundle\":{\"finalPrice\":{\"bestPriceInfo\":{\"currency\":\"KRW\",\"discountRate\":25,\"discountRateValid\":true,\"doubleElevenPromoted\":false,\"firstPurchase\":false,\"goldbox\":false,\"hasEligibilityConditions\":false,\"lightning\":false,\"lightningOrGoldbox\":false,\"memberPrice\":false,\"notExpired\":true,\"percentageDiscount\":false,\"price\":29900,\"priceBasedDiscountRate\":25,\"priceType\":\"FINAL_PRICE\",\"priceWithDeliveryFee\":29900,\"unitCCIDuration\":100,\"unitPrice\":{\"amount\":100,\"extendedPrice\":{\"money\":{\"amount\":2990,\"currency\":\"KRW\"},\"offset\":0},\"priceEx\":{\"amount\":2990,\"currency\":\"KRW\"},\"unit\":\"g\"},\"unitPriceAmount\":2990,\"unitPriceAmountWithDeliveryFee\":2990,\"unitPriceDescription\":\"(100g당 2,990원)\",\"unitPriceDescriptionWithoutParenthesis\":\"100g당 2,990원\",\"unitPriceIncludeDeliveryFeeDescription\":\"(100g당 2,990원)\",\"unitPriceIncludeDeliveryFeeDescriptionWithoutParenthesis\":\"100g당 2,990원\",\"unitPriceWithDeliveryFee\":{\"amount\":100,\"extendedPrice\":{\"money\":{\"amount\":2990,\"currency\":\"KRW\"},\"offset\":0},\"unit\":\"g\"},\"valid\":true},\"displayType\":\"FINAL\",\"downloadCouponType\":\"NONE\",\"downloadDiscountAmount\":0,\"instantDiscountAmount\":0,\"instantDiscountType\":\"NONE\",\"memberPrice\":false,\"price\":29900,\"priceBaseDiscountRate\":25,\"priceWithDeliveryFee\":29900,\"realType\":\"SALES\",\"unitPriceAmount\":2990,\"unitPriceAmountWithDeliveryFee\":2990,\"unitPriceDescription\":\"(100g당 2,990원)\",\"unitPriceDescriptionWithoutParenthesis\":\"100g당 2,990원\",\"unitPriceIncludeDeliveryFeeDescription\":\"(100g당 2,990원)\"},\"finalPriceDiscountRate\":25,\"nonWowMemberPrice\":{\"price\":29900,\"priceWithDeliveryFee\":29900},\"originalPrice\":{\"displayType\":\"ORIGINAL\",\"downloadCouponType\":\"NONE\",\"instantDiscountType\":\"NONE\",\"memberPrice\":false,\"price\":39900,\"priceWithDeliveryFee\":39900,\"realType\":\"ORIGINAL\",\"unitPriceDescription\":\"(100g당 3,990원)\"},\"wowMemberPrice\":{\"price\":29900,\"priceWithDeliveryFee\":29900}},\"logging\":{},\"normalCouponDiscount\":false,\"normalInstantDiscount\":false,\"priceLogData\":{\"unitPrice\":\"(100g당 2,990원)\",\"discountRate\":\"25.0\",\"underThresholdCouponSavingAmount\":\"null\",\"targetedCouponSavingAmount\":\"null\",\"instantDiscountSavingAmount\":\"null\",\"overThresholdCouponSavingAmount\":\"null\",\"salesPrice\":29900,\"finalPrice\":29900,\"underThresholdCouponThreshold\":\"null\",\"isBadDiscount\":\"false\",\"isLoyaltyMember\":false,\"wowUnderThresholdCouponThreshold\":\"null\",\"anchorPrice\":\"39900\",\"ccidEligibleSavingAmount\":\"null\",\"wowInstantDiscountSavingAmount\":\"null\",\"wowUnderThresholdCouponSavingAmount\":\"null\",\"wowCcidEligibleSavingAmount\":\"null\",\"myCcidDiscountSavingAmount\":\"null\",\"businessType\":\"3p\",\"wowOverThresholdCouponSavingAmount\":\"null\"},\"pricePolicies\":[{\"currency\":\"원\",\"description\":\"쿠팡 판매를 위한 할인 적용 이전의 가격(업체가 쿠팡에 제공한 희망소매가격 또는 공식판매처 판매가 등. 도서정가제 대상 도서인 경우, 도서 정가)입니다.\",\"discountRate\":25,\"formattedPrice\":\"39,900원\",\"price\":\"39,900\",\"priceWithDeliveryFee\":\"39,900\",\"type\":\"ORIGINAL\"}],\"priceWithDeliveryFee\":true,\"targetedDiscount\":false,\"viewType\":\"PRODUCT_DETAIL_PRICE_INFO\",\"wowCouponDiscount\":false,\"wowDiscountAndNormalOtAndNonWowMember\":false,\"wowInstantDiscount\":false},{\"attributeBasedTitle\":\"삼시세끼연구소 최북단 연평도 조업 살이 단단한 25년 햇꽃게 활 꽃게 숫꽃게 생물, 1kg, 1세트\",\"countryOfOrigin\":\"원산지: 국내산(연평도 100%)\",\"logging\":{\"alwaysSentLiveLog\":false,\"bypass\":{\"exposureSchemas\":[{\"id\":\"11942\",\"mandatory\":{\"logCategory\":\"impression\",\"logType\":\"impression\",\"pageName\":\"sdp\",\"eventName\":\"option_table_test_exposure\",\"domain\":\"sdp\",\"sdpVisitKey\":\"xwp6m47oj840buou0b\",\"productId\":9007354491,\"itemId\":26399590821,\"vendorItemId\":93375800911,\"abGroup\":\"B\",\"abTestId\":\"47980\"},\"version\":\"2\"}]}},\"title\":\"삼시세끼연구소 최북단 연평도 조업 살이 단단한 25년 햇꽃게 활 꽃게 숫꽃게 생물\",\"viewType\":\"PRODUCT_DETAIL_PRODUCT_INFO\"},{\"abFlags\":{\"47980\":\"B\"},\"featureFlags\":{\"option_table_pc_expand_1_and_2_attr\":\"B\"},\"viewType\":\"PRODUCT_WEB_DATA_AB_FLAGS\"},{\"tabList\":[{\"attributeId\":\"8477_7652\",\"sizeAttribute\":false,\"style\":\"HEADER_ONLY\",\"title\":\"중량 × 수량: \",\"valueName\":\"1kg × 1세트\"}],\"viewType\":\"PRODUCT_OPTION_TABLE_TAB_SELECTOR\"},{\"data\":{\"description\":\"배송비 포함\",\"title\":\"더 많은 옵션 보기\"},\"viewType\":\"PRODUCT_OPTION_TABLE_TOGGLE_HEADER\"},{\"landingItemId\":26399590821,\"landingProductId\":9007354491,\"landingVendorItemId\":93375800911,\"logging\":{\"alwaysSentLiveLog\":false,\"bypass\":{\"exposureSchema\":{\"id\":\"10843\",\"mandatory\":{\"logCategory\":\"impression\",\"logType\":\"impression\",\"pageName\":\"sdp\",\"eventName\":\"impression_sdp_option_comparison_table\",\"domain\":\"sdp\",\"sdpVisitKey\":\"xwp6m47oj840buou0b\",\"productId\":9007354491,\"itemId\":26399590821,\"vendorItemId\":93375800911,\"categoryId\":\"1564\",\"optionTableStyle\":\"sdp_standard\",\"attributes\":\"중량 × 수량\",\"isSeeAll\":true,\"isImage\":false,\"selectedAttribute\":\"\",\"listVendorItemId\":\"option1:93375800911,option2:93375800914,option3:93375800916,option4:93375800915\",\"listVendorItemPrice\":\"option1:29900,option2:54900,option3:79900,option4:116900\",\"listAttr\":\"option1:1kg × 1세트,option2:2kg × 1세트,option3:3kg × 1세트,option4:5kg × 1세트\",\"listDeliveryType\":\"option1:,option2:,option3:,option4:\",\"listUnitPrice\":\"option1:2990,option2:2745,option3:2663,option4:2338\",\"listMin\":\"option1:false,option2:false,option3:false,option4:true\",\"listOos\":\"option1:false,option2:false,option3:false,option4:false\",\"listDefault\":\"option1:true,option2:true,option3:true,option4:true\",\"listPriceLabel\":\"option1:,option2:,option3:,option4:\",\"selectedOption\":\"option1\"},\"version\":\"15\"}}},\"optionList\":[{\"action\":{\"event\":{\"url\":\"/vm/v5/products/9007354491/vendor-items/93375800911?landingItemId=26399590821\u0026landingProductId=9007354491\u0026landingVendorItemId=93375800911\"},\"logging\":{\"alwaysSentLiveLog\":false,\"bypass\":{\"clickSchemas\":[{\"id\":\"10844\",\"mandatory\":{\"logCategory\":\"event\",\"logType\":\"click\",\"pageName\":\"sdp\",\"eventName\":\"click_sdp_option_comparison_table\",\"domain\":\"sdp\",\"sdpVisitKey\":\"xwp6m47oj840buou0b\",\"productId\":9007354491,\"itemId\":26399590821,\"vendorItemId\":93375800911,\"categoryId\":\"1564\",\"clickArea\":\"option\",\"clickValue\":\"option1:93375800911\",\"isImage\":false},\"version\":\"12\"}]}}},\"defaultShow\":true,\"finalPrice\":\"29,900원\",\"finalUnitPrice\":\"100g당 2,990원\",\"hoverImageUrl\":\"//thumbnail10.coupangcdn.com/thumbnails/remote/492x492ex/image/vendor_inventory/5a29/ad60842847c4ed6704211970e47c500c01d878b4a90050ee599d62a1e1f4.png\",\"hoverSelectionText\":\"1kg × 1세트\",\"itemId\":26399590821,\"optionItemName\":\"1kg × 1세트\",\"selected\":true,\"soldOut\":false,\"vendorItemId\":93375800911},{\"action\":{\"event\":{\"url\":\"/vm/v5/products/9007354491/vendor-items/93375800914?landingItemId=26399590821\u0026landingProductId=9007354491\u0026landingVendorItemId=93375800911\"},\"logging\":{\"alwaysSentLiveLog\":false,\"bypass\":{\"clickSchemas\":[{\"id\":\"10844\",\"mandatory\":{\"logCategory\":\"event\",\"logType\":\"click\",\"pageName\":\"sdp\",\"eventName\":\"click_sdp_option_comparison_table\",\"domain\":\"sdp\",\"sdpVisitKey\":\"xwp6m47oj840buou0b\",\"productId\":9007354491,\"itemId\":26399590821,\"vendorItemId\":93375800911,\"categoryId\":\"1564\",\"clickArea\":\"option\",\"clickValue\":\"option2:93375800914\",\"isImage\":false},\"version\":\"12\"}]}}},\"defaultShow\":true,\"finalPrice\":\"54,900원\",\"finalUnitPrice\":\"100g당 2,745원\",\"hoverImageUrl\":\"//thumbnail10.coupangcdn.com/thumbnails/remote/492x492ex/image/vendor_inventory/5a29/ad60842847c4ed6704211970e47c500c01d878b4a90050ee599d62a1e1f4.png\",\"hoverSelectionText\":\"2kg × 1세트\",\"itemId\":26399590828,\"optionItemName\":\"2kg × 1세트\",\"selected\":false,\"soldOut\":false,\"vendorItemId\":93375800914},{\"action\":{\"event\":{\"url\":\"/vm/v5/products/9007354491/vendor-items/93375800916?landingItemId=26399590821\u0026landingProductId=9007354491\u0026landingVendorItemId=93375800911\"},\"logging\":{\"alwaysSentLiveLog\":false,\"bypass\":{\"clickSchemas\":[{\"id\":\"10844\",\"mandatory\":{\"logCategory\":\"event\",\"logType\":\"click\",\"pageName\":\"sdp\",\"eventName\":\"click_sdp_option_comparison_table\",\"domain\":\"sdp\",\"sdpVisitKey\":\"xwp6m47oj840buou0b\",\"productId\":9007354491,\"itemId\":26399590821,\"vendorItemId\":93375800911,\"categoryId\":\"1564\",\"clickArea\":\"option\",\"clickValue\":\"option3:93375800916\",\"isImage\":false},\"version\":\"12\"}]}}},\"defaultShow\":true,\"finalPrice\":\"79,900원\",\"finalUnitPrice\":\"100g당 2,663원\",\"hoverImageUrl\":\"//thumbnail10.coupangcdn.com/thumbnails/remote/492x492ex/image/vendor_inventory/5a29/ad60842847c4ed6704211970e47c500c01d878b4a90050ee599d62a1e1f4.png\",\"hoverSelectionText\":\"3kg × 1세트\",\"itemId\":26399590835,\"optionItemName\":\"3kg × 1세트\",\"selected\":false,\"soldOut\":false,\"vendorItemId\":93375800916},{\"action\":{\"event\":{\"url\":\"/vm/v5/products/9007354491/vendor-items/93375800915?landingItemId=26399590821\u0026landingProductId=9007354491\u0026landingVendorItemId=93375800911\"},\"logging\":{\"alwaysSentLiveLog\":false,\"bypass\":{\"clickSchemas\":[{\"id\":\"10844\",\"mandatory\":{\"logCategory\":\"event\",\"logType\":\"click\",\"pageName\":\"sdp\",\"eventName\":\"click_sdp_option_comparison_table\",\"domain\":\"sdp\",\"sdpVisitKey\":\"xwp6m47oj840buou0b\",\"productId\":9007354491,\"itemId\":26399590821,\"vendorItemId\":93375800911,\"categoryId\":\"1564\",\"clickArea\":\"option\",\"clickValue\":\"option4:93375800915\",\"isImage\":false},\"version\":\"12\"}]}}},\"defaultShow\":true,\"finalPrice\":\"116,900원\",\"finalUnitPrice\":\"100g당 2,338원\",\"finalUnitPriceLabel\":\"(최저 단위가)\",\"hoverImageUrl\":\"//thumbnail10.coupangcdn.com/thumbnails/remote/492x492ex/image/vendor_inventory/5a29/ad60842847c4ed6704211970e47c500c01d878b4a90050ee599d62a1e1f4.png\",\"hoverSelectionText\":\"5kg × 1세트\",\"itemId\":26399590830,\"optionItemName\":\"5kg × 1세트\",\"selected\":false,\"soldOut\":false,\"vendorItemId\":93375800915}],\"seeAllButton\":{\"action\":{\"logging\":{\"alwaysSentLiveLog\":false,\"bypass\":{\"clickSchemas\":[{\"id\":\"10844\",\"mandatory\":{\"logCategory\":\"event\",\"logType\":\"click\",\"pageName\":\"sdp\",\"eventName\":\"click_sdp_option_comparison_table\",\"domain\":\"sdp\",\"sdpVisitKey\":\"xwp6m47oj840buou0b\",\"productId\":9007354491,\"itemId\":26399590821,\"vendorItemId\":93375800911,\"categoryId\":\"1564\",\"clickArea\":\"seeAll\",\"clickValue\":\"모든 옵션 보기\",\"isImage\":false,\"isToggleOn\":true},\"version\":\"12\"}]}}},\"buttonText\":\"모든 옵션 보기\"},\"style\":\"LONG_ATTR\",\"viewType\":\"PRODUCT_OPTION_TABLE_LIST_VIEW\"},{\"items\":[{\"action\":{\"event\":{\"url\":\"vp/products/9007354491/vendoritems/93375800911\"},\"logging\":{\"alwaysSentLiveLog\":false,\"bypass\":{\"clickSchemas\":[{\"id\":\"5104\",\"mandatory\":{\"domain\":\"sdp\",\"logCategory\":\"event\",\"logType\":\"click\",\"pageName\":\"option_list\",\"eventName\":\"option_list_click\",\"sdpVisitKey\":\"xwp6m47oj840buou0b\",\"vendorItemId\":93375800911,\"searchId\":\"\",\"vendorItemIdAttributes\":\"1kg_1세트_unitPrice:2990_vendorItemPrice:29900_deliveryType:3p_deliveryFee:0\"},\"version\":\"6\"}],\"exposureSchema\":{\"id\":\"5112\",\"mandatory\":{\"logCategory\":\"impression\",\"logType\":\"impression\",\"pageName\":\"option_list\",\"eventName\":\"option_list_item_impression\",\"domain\":\"sdp\",\"referSdpItem\":\"p9007354491_i26399590821_v93375800911\",\"sdpVisitKey\":\"xwp6m47oj840buou0b\",\"vendorItemId\":\"93375800911\",\"originalItemId\":26399590821,\"originalVendorItemId\":93375800911,\"searchId\":\"\",\"vendorItemIdAttributes\":\"1kg_1세트_unitPrice:2990_vendorItemPrice:29900_deliveryType:3p_deliveryFee:0\"},\"version\":\"9\"}}}},\"deliveryInfo\":{\"deliveryDateDescriptions\":\"모레(금) 9/12 도착 예정 (판매자배송)\"},\"itemBasicInfo\":{\"invalid\":false,\"itemId\":26399590821,\"itemName\":\"1kg × 1세트\",\"vendorItemId\":93375800911},\"priceInfo\":{\"finalDeliveryDescription\":\"무료배송\",\"finalPrice\":\"29,900원\",\"finalUnitPrice\":\"(100g당 2,990원)\"},\"stockInfo\":{\"logistics\":false,\"restockNotification\":false,\"soldOut\":false}},{\"action\":{\"event\":{\"url\":\"vp/products/9007354491/vendoritems/93375800914\"},\"logging\":{\"alwaysSentLiveLog\":false,\"bypass\":{\"clickSchemas\":[{\"id\":\"5104\",\"mandatory\":{\"domain\":\"sdp\",\"logCategory\":\"event\",\"logType\":\"click\",\"pageName\":\"option_list\",\"eventName\":\"option_list_click\",\"sdpVisitKey\":\"xwp6m47oj840buou0b\",\"vendorItemId\":93375800914,\"searchId\":\"\",\"vendorItemIdAttributes\":\"2kg_1세트_unitPrice:2745_vendorItemPrice:54900_deliveryType:3p_deliveryFee:0\"},\"version\":\"6\"}],\"exposureSchema\":{\"id\":\"5112\",\"mandatory\":{\"logCategory\":\"impression\",\"logType\":\"impression\",\"pageName\":\"option_list\",\"eventName\":\"option_list_item_impression\",\"domain\":\"sdp\",\"referSdpItem\":\"p9007354491_i26399590821_v93375800911\",\"sdpVisitKey\":\"xwp6m47oj840buou0b\",\"vendorItemId\":\"93375800914\",\"originalItemId\":26399590821,\"originalVendorItemId\":93375800911,\"searchId\":\"\",\"vendorItemIdAttributes\":\"2kg_1세트_unitPrice:2745_vendorItemPrice:54900_deliveryType:3p_deliveryFee:0\"},\"version\":\"9\"}}}},\"deliveryInfo\":{\"deliveryDateDescriptions\":\"모레(금) 9/12 도착 예정 (판매자배송)\"},\"itemBasicInfo\":{\"invalid\":false,\"itemId\":26399590828,\"itemName\":\"2kg × 1세트\",\"vendorItemId\":93375800914},\"priceInfo\":{\"finalDeliveryDescription\":\"무료배송\",\"finalPrice\":\"54,900원\",\"finalUnitPrice\":\"(100g당 2,745원)\"},\"stockInfo\":{\"logistics\":false,\"restockNotification\":false,\"soldOut\":false}},{\"action\":{\"event\":{\"url\":\"vp/products/9007354491/vendoritems/93375800916\"},\"logging\":{\"alwaysSentLiveLog\":false,\"bypass\":{\"clickSchemas\":[{\"id\":\"5104\",\"mandatory\":{\"domain\":\"sdp\",\"logCategory\":\"event\",\"logType\":\"click\",\"pageName\":\"option_list\",\"eventName\":\"option_list_click\",\"sdpVisitKey\":\"xwp6m47oj840buou0b\",\"vendorItemId\":93375800916,\"searchId\":\"\",\"vendorItemIdAttributes\":\"3kg_1세트_unitPrice:2663_vendorItemPrice:79900_deliveryType:3p_deliveryFee:0\"},\"version\":\"6\"}],\"exposureSchema\":{\"id\":\"5112\",\"mandatory\":{\"logCategory\":\"impression\",\"logType\":\"impression\",\"pageName\":\"option_list\",\"eventName\":\"option_list_item_impression\",\"domain\":\"sdp\",\"referSdpItem\":\"p9007354491_i26399590821_v93375800911\",\"sdpVisitKey\":\"xwp6m47oj840buou0b\",\"vendorItemId\":\"93375800916\",\"originalItemId\":26399590821,\"originalVendorItemId\":93375800911,\"searchId\":\"\",\"vendorItemIdAttributes\":\"3kg_1세트_unitPrice:2663_vendorItemPrice:79900_deliveryType:3p_deliveryFee:0\"},\"version\":\"9\"}}}},\"deliveryInfo\":{\"deliveryDateDescriptions\":\"모레(금) 9/12 도착 예정 (판매자배송)\"},\"itemBasicInfo\":{\"invalid\":false,\"itemId\":26399590835,\"itemName\":\"3kg × 1세트\",\"vendorItemId\":93375800916},\"priceInfo\":{\"finalDeliveryDescription\":\"무료배송\",\"finalPrice\":\"79,900원\",\"finalUnitPrice\":\"(100g당 2,663원)\"},\"stockInfo\":{\"logistics\":false,\"restockNotification\":false,\"soldOut\":false}},{\"action\":{\"event\":{\"url\":\"vp/products/9007354491/vendoritems/93375800912\"},\"logging\":{\"alwaysSentLiveLog\":false,\"bypass\":{\"clickSchemas\":[{\"id\":\"5104\",\"mandatory\":{\"domain\":\"sdp\",\"logCategory\":\"event\",\"logType\":\"click\",\"pageName\":\"option_list\",\"eventName\":\"option_list_click\",\"sdpVisitKey\":\"xwp6m47oj840buou0b\",\"vendorItemId\":93375800912,\"searchId\":\"\",\"vendorItemIdAttributes\":\"4kg_1세트_unitPrice:2448_vendorItemPrice:97900_deliveryType:3p_deliveryFee:0\"},\"version\":\"6\"}],\"exposureSchema\":{\"id\":\"5112\",\"mandatory\":{\"logCategory\":\"impression\",\"logType\":\"impression\",\"pageName\":\"option_list\",\"eventName\":\"option_list_item_impression\",\"domain\":\"sdp\",\"referSdpItem\":\"p9007354491_i26399590821_v93375800911\",\"sdpVisitKey\":\"xwp6m47oj840buou0b\",\"vendorItemId\":\"93375800912\",\"originalItemId\":26399590821,\"originalVendorItemId\":93375800911,\"searchId\":\"\",\"vendorItemIdAttributes\":\"4kg_1세트_unitPrice:2448_vendorItemPrice:97900_deliveryType:3p_deliveryFee:0\"},\"version\":\"9\"}}}},\"deliveryInfo\":{\"deliveryDateDescriptions\":\"모레(금) 9/12 도착 예정 (판매자배송)\"},\"itemBasicInfo\":{\"invalid\":false,\"itemId\":26399590825,\"itemName\":\"4kg × 1세트\",\"vendorItemId\":93375800912},\"priceInfo\":{\"finalDeliveryDescription\":\"무료배송\",\"finalPrice\":\"97,900원\",\"finalUnitPrice\":\"(100g당 2,448원)\"},\"stockInfo\":{\"logistics\":false,\"restockNotification\":false,\"soldOut\":false}},{\"action\":{\"event\":{\"url\":\"vp/products/9007354491/vendoritems/93375800915\"},\"logging\":{\"alwaysSentLiveLog\":false,\"bypass\":{\"clickSchemas\":[{\"id\":\"5104\",\"mandatory\":{\"domain\":\"sdp\",\"logCategory\":\"event\",\"logType\":\"click\",\"pageName\":\"option_list\",\"eventName\":\"option_list_click\",\"sdpVisitKey\":\"xwp6m47oj840buou0b\",\"vendorItemId\":93375800915,\"searchId\":\"\",\"vendorItemIdAttributes\":\"5kg_1세트_unitPrice:2338_vendorItemPrice:116900_deliveryType:3p_deliveryFee:0\"},\"version\":\"6\"}],\"exposureSchema\":{\"id\":\"5112\",\"mandatory\":{\"logCategory\":\"impression\",\"logType\":\"impression\",\"pageName\":\"option_list\",\"eventName\":\"option_list_item_impression\",\"domain\":\"sdp\",\"referSdpItem\":\"p9007354491_i26399590821_v93375800911\",\"sdpVisitKey\":\"xwp6m47oj840buou0b\",\"vendorItemId\":\"93375800915\",\"originalItemId\":26399590821,\"originalVendorItemId\":93375800911,\"searchId\":\"\",\"vendorItemIdAttributes\":\"5kg_1세트_unitPrice:2338_vendorItemPrice:116900_deliveryType:3p_deliveryFee:0\"},\"version\":\"9\"}}}},\"deliveryInfo\":{\"deliveryDateDescriptions\":\"모레(금) 9/12 도착 예정 (판매자배송)\"},\"itemBasicInfo\":{\"invalid\":false,\"itemId\":26399590830,\"itemName\":\"5kg × 1세트\",\"vendorItemId\":93375800915},\"priceInfo\":{\"finalDeliveryDescription\":\"무료배송\",\"finalPrice\":\"116,900원\",\"finalUnitPrice\":\"(100g당 2,338원)\"},\"stockInfo\":{\"logistics\":false,\"restockNotification\":false,\"soldOut\":false}}],\"titleName\":\"중량 × 수량\",\"viewType\":\"PRODUCT_DETAIL_OPTION_LIST\"},{\"deliveryInfo\":{\"nonMemberDelivery\":{\"arrivalMessage\":[{\"color\":\"#212B36\",\"size\":14,\"text\":\"모레(금) 9/12 도착 예정\"}],\"shippingFeeTag\":[{\"bold\":true,\"color\":\"#212B36\",\"size\":14,\"text\":\"무료배송\"}]},\"wowMemberDelivery\":{\"arrivalMessage\":[{\"color\":\"#212B36\",\"size\":14,\"text\":\"모레(금) 9/12 도착 예정\"}],\"shippingFeeTag\":[{\"bold\":true,\"color\":\"#212B36\",\"size\":14,\"text\":\"무료배송\"}]}},\"itemInfo\":{\"itemId\":26399590821,\"itemName\":\"삼시세끼연구소 최북단 연평도 조업 살이 단단한 25년 햇꽃게 활 꽃게 숫꽃게 생물\",\"productId\":9007354491,\"thumbnailImage\":{\"height\":60,\"url\":\"https://image10.coupangcdn.com/image/vendor_inventory/5a29/ad60842847c4ed6704211970e47c500c01d878b4a90050ee599d62a1e1f4.png\",\"width\":60},\"vendorItemId\":93375800911},\"priceInfo\":{\"finalPrice\":{\"applicable\":true,\"displayPrice\":\"29,900원\",\"price\":29900},\"finalPriceDiscountRate\":25,\"originalPrice\":{\"applicable\":true,\"displayPrice\":\"39,900원\",\"price\":39900}},\"viewType\":\"PRODUCT_DETAIL_HANDLEBAR_BASE_INFO\"},{\"pddList\":[{\"arrivalDate\":1757689199999,\"arrivalMessage\":\"모레(금) 9/12 도착 예정\",\"deliveryChargeType\":\"FREE\",\"deliveryCompany\":\"로젠택배\",\"freeShippingThreshold\":0,\"is3pDelivery\":true,\"wowArrivalDate\":1757689199999,\"wowShippingSpeed\":\"STANDARD\"}],\"viewType\":\"PRODUCT_DETAIL_DELIVERY_INFO\"},{\"sellerInfo\":{\"sellerName\":\"밸류코드 주식회사\",\"sellerNameLabel\":\"판매자: \"},\"viewType\":\"PRODUCT_DETAIL_SELLER_INFO\"}],\"price\":{\"cashPromotionMessage\":null,\"couponDiscountAmount\":null,\"couponPrice\":\"29,900\",\"couponPriceTitle\":\"\",\"couponUnitPrice\":\"100g당 2,990원\",\"description\":null,\"discountRate\":\"25\",\"finalPrice\":\"29,900\",\"gppuPricePolicy\":[{\"description\":\"업체의 권장소비자가 또는 공식 판매처 판매가 또는 도서 정가(도서 정가제 대상인 경우)입니다. 해당 가격이 없는 경우 90일 내 쿠팡에서 판매된 가격 중 가장 높은 가격을 표시합니다.\",\"priceInfo\":\"\u003cspan class='discount-rate'\u003e25%\u003c/span\u003e\u003cspan class='origin-price'\u003e39,900원\u003c/span\u003e\"}],\"hasNormalCouponDiscount\":false,\"hasNormalInstantDiscount\":false,\"hasWowCouponDiscount\":false,\"hasWowInstantDiscount\":false,\"i18nCouponDiscountAmount\":null,\"i18nCouponPrice\":{\"amount\":\"29900\",\"currency\":\"KRW\",\"fractionDigits\":0,\"rawAmount\":null},\"i18nOriginPrice\":{\"amount\":\"39900\",\"currency\":\"KRW\",\"fractionDigits\":0,\"rawAmount\":null},\"i18nPriceAmount\":null,\"i18nSalePrice\":{\"amount\":\"29900\",\"currency\":\"KRW\",\"fractionDigits\":0,\"rawAmount\":null},\"instantDiscount\":false,\"instantPriceType\":null,\"loyaltyButtonText\":null,\"loyaltyRegistrationUrl\":null,\"originPrice\":\"39,900\",\"originalPriceDesc\":null,\"priceAmount\":null,\"salePrice\":\"29,900\",\"salePriceTitle\":\"\",\"saleUnitPrice\":\"100g당 2,990원\",\"title\":null,\"type\":null,\"unitDiscountRate\":null,\"unitPrice\":null,\"wowCouponDiscount\":false},\"priceList\":[{\"cashPromotionMessage\":null,\"couponDiscountAmount\":null,\"couponPrice\":null,\"couponPriceTitle\":null,\"couponUnitPrice\":null,\"description\":null,\"discountRate\":null,\"finalPrice\":null,\"gppuPricePolicy\":null,\"hasNormalCouponDiscount\":false,\"hasNormalInstantDiscount\":false,\"hasWowCouponDiscount\":false,\"hasWowInstantDiscount\":false,\"i18nCouponDiscountAmount\":null,\"i18nCouponPrice\":null,\"i18nOriginPrice\":null,\"i18nPriceAmount\":{\"amount\":\"29900\",\"currency\":\"KRW\",\"fractionDigits\":0,\"rawAmount\":null},\"i18nSalePrice\":null,\"instantDiscount\":null,\"instantPriceType\":null,\"loyaltyButtonText\":null,\"loyaltyRegistrationUrl\":null,\"originPrice\":null,\"originalPriceDesc\":null,\"priceAmount\":\"29,900\",\"salePrice\":null,\"salePriceTitle\":null,\"saleUnitPrice\":null,\"title\":\"쿠팡판매가\",\"type\":\"SALES\",\"unitDiscountRate\":null,\"unitPrice\":\"100g당 2,990원\",\"wowCouponDiscount\":false}],\"priceUnit\":\"원\",\"quantity\":1,\"quantityLimitationVO\":null,\"selectedIndex\":0,\"shipmentDisplayType\":\"NORMAL\",\"shippingFee\":{\"dividerIcon\":null,\"extremeMessage\":null,\"freeShippingConditionMessage\":null,\"message\":\"\u003cem class='prod-txt-bold'\u003e무료배송\u003c/em\u003e\",\"popupFreeShippingConditionMessage\":null,\"returnFeeMessage\":null,\"shippingFee\":\"0\",\"shippingFeeIcon\":null,\"shippingFeeType\":\"FREE\",\"title\":null,\"titleIcon\":null},\"shippingFeeList\":[{\"dividerIcon\":null,\"extremeMessage\":null,\"freeShippingConditionMessage\":null,\"message\":\"\u003cem class='prod-txt-bold'\u003e무료배송\u003c/em\u003e\",\"popupFreeShippingConditionMessage\":null,\"returnFeeMessage\":null,\"shippingFee\":null,\"shippingFeeIcon\":null,\"shippingFeeType\":\"FREE\",\"title\":null,\"titleIcon\":null}],\"subscriptionDelivery\":null,\"subscriptionDiscountRate\":-1,\"subscriptionPrice\":null,\"subscriptionPriceList\":[],\"wowOnlyInstantDiscountRate\":0}],\"ratingAverage\":null,\"ratingAveragePercentage\":100,\"ratingCount\":\"30\",\"restockNotification\":false,\"retail\":false,\"rocketLuxuryDisclaimer\":null,\"rodImageUrlInfoVo\":null,\"roleCode\":2,\"ruleBasedTitle\":null,\"sellingInfoVo\":{\"countryOfOrigin\":\"국내산(연평도 100%)\",\"sellingInfo\":[\"식품 프리미엄: Y\",\"게 종류: 숫꽃게\",\"게 가공 방식: 생물/활\",\"보관방법: 냉장보관\",\"개당 중량: 1kg\",\"쿠팡상품번호: 9007354491 - 26399590821\"]},\"shippingConsolidationLink\":null,\"soldOut\":false,\"stickBanners\":[],\"subscribeInfo\":null,\"summary\":[],\"supplier\":null,\"title\":\"삼시세끼연구소 최북단 연평도 조업 살이 단단한 25년 햇꽃게 활 꽃게 숫꽃게 생물, 1kg, 1세트\",\"topSellingInfo\":null,\"trackMeta\":{\"categoryId\":null,\"clickItemId\":null,\"clickProductId\":9007354491,\"clickVendorItemId\":null,\"emailDealWithoutCookieMessage\":null,\"emailEventDeal\":false,\"q\":\"\",\"sdpVisitKey\":\"x3h120qizu8176q70w\",\"searchId\":\"\",\"sourceType\":\"others\",\"style\":\"NORMAL\",\"traid\":\"\",\"trcid\":\"\"},\"used\":false,\"vendor\":{\"id\":\"A00962419\",\"link\":\"https://shop.coupang.com/vid/A00962419?source=brandstore_sdp_atf\u0026pid=9007354491\u0026viid=93375800911\u0026ocid=21741137\u0026platform=p\",\"name\":\"밸류코드 주식회사\",\"sellerStoreRating\":{\"display\":{\"descriptionText\":\"674\",\"icon\":\"https://image.coupangcdn.com/image/mobile_app/v3/badges/thumbs_up/xxhdpi/ic_thumbsup_outline_black_buybox.png\",\"label\":\"판매자 평가\",\"score\":\"90%\"},\"notice\":{\"declaration\":\"이 판매자가 제공하는 전체적인 서비스에 대한 고객의 만족도입니다.\u003cbr/\u003e(배송, 포장, 고객응대, 가격, 유통기한 등) \",\"noReviewReminder\":null,\"storeIcon\":\"https://image.coupangcdn.com/image/coupang/rds/icon/xxhdpi/ic_seller_outline.png\",\"storeName\":\"밸류코드 주식회사\",\"title\":\"판매자 평가\"},\"total\":674}},\"vendorItemId\":93375800911,\"warrantyServiceVo\":null,\"wishList\":false},\"staticData\":{\"webbuildNo\":\"20250908115522\",\"isLogin\":false,\"memberId\":null,\"trCid\":null,\"trAid\":null,\"email\":null,\"ssrContent\":null,\"productId\":9007354491,\"itemId\":null,\"vendorItemId\":null,\"isThrottledProduct\":null,\"unknownProductPageLink\":null,\"useBtfInterstellar\":true,\"itemProductId\":\"0\",\"tcFixOptionTableDeliveryFee\":true,\"fix_exposing_trial_ux_to_withdraw_flag\":null,\"msg\":null,\"returnUrl\":null,\"sectionType\":\"product\",\"isRowControl\":false,\"controller\":\"sdp-webpack\",\"ab24540IsB\":null,\"ab24540Value\":null,\"enableFlexReturn\":null,\"refurbProductStatusDescription\":null,\"smartGradingVOC\":null,\"moveShippingAndPddMessageAboveOptionTable\":false,\"showRatingDetailsUponHover\":null,\"sdpModel\":\"$18:props:children:2:props:children:1:props:atfData\",\"redCarpetPromotionPopupInfo\":null,\"og\":null,\"isSubscribe\":false,\"hideSideBar\":true,\"postCategoryLayer\":true,\"customHeader\":true,\"customRequire\":true,\"isEntryFromSdp\":true,\"lazyWidget\":true,\"asyncFooter\":true,\"lazy3rdPartyTag\":true,\"asyncTtiFlag\":false,\"productReportUrlPath\":\"/np/productreport/receipt?productId=9007354491\",\"dataAttr\":\"{\\\"productId\\\":\\\"9007354491\\\",\\\"cartApiUrl\\\":\\\"//cart.coupang.com\\\"}\",\"cartApiUrl\":\"//cart.coupang.com\",\"viRoleCode\":2,\"sdpIssueTypes\":{\"DEFAULT\":\"상세페이지의 어느 부분인가요?\",\"BRAND\":\"브랜드\",\"IMAGE\":\"대표이미지 \u003cem\u003e(상단 상품이미지)\u003c/em\u003e\",\"TITLE\":\"상품명\",\"CATEGORY\":\"카테고리 \u003cem\u003e(식품/뷰티/주방용품 등)\u003c/em\u003e\",\"ATTRIBUTE\":\"구매옵션 \u003cem\u003e(용량/수량/사이즈/색상 등)\u003c/em\u003e\",\"CONTENT_DETAIL\":\"상품상세 \u003cem\u003e(하단 상품의 특장점을 소개하는 글과 이미지)\u003c/em\u003e\",\"ETC\":\"기타\"},\"leafCategoryInfo\":{\"categoryId\":1564,\"componentId\":null,\"name\":\"새우/게/갑각류\",\"parentsCategoryNames\":[\"수산물/건어물\",\"신선식품\",\"식품\",\"KAN\",\"HOME\"]},\"deliveryFeeToggleStatus\":false,\"vendorItemMap\":null,\"attributes\":null,\"apiUrlInfo\":null,\"productName\":null,\"applyGiftCardInterstellar\":null,\"sourceType\":null,\"sdpVisitKey\":null,\"invalidProduct\":null,\"invalidUnknownProduct\":null,\"announcementBar\":null,\"bundleOption\":{\"optionDetails\":null,\"options\":[],\"viewType\":null},\"wowBenefitSamedayDelivery\":null,\"isOnHoldWowMember\":false,\"applyResponsivePC\":\"B\",\"seoRatingAverage\":4.8,\"addRatingScore\":false,\"addRatingScoreTC\":false,\"moveAtcAndBuyNowCtasAtf\":false,\"disableSDPStickyGnb\":true,\"fixUsedGoldFishSellerDetailInfoIssue\":null,\"isIphonePreOrder\":null,\"isTlf\":false,\"useSimpleBtf\":false,\"oosCheckBeforeDP\":false,\"fixCoupayMoneyDisclaimer\":true,\"hideAddToWish\":false,\"sdpIncorrectReport\":false,\"applyNewOOSStyle\":true,\"falconDelivery\":true,\"otherSellerApplyInterstellar\":true,\"applyBrandShopWidget\":true,\"applyLoyaltyRocketFreshMvp\":false,\"applyUnknownCustomerHandling\":true,\"applyAdBanners\":true,\"apply3pWarningBanner\":true,\"fraud3pReportNumShow\":\"B\",\"changePositionSdpMidCarouselAdMarker\":\"A\",\"applyStrikeCompanyNotice\":\"false\",\"applyOptionDisclaimer\":\"false\",\"applyLumberJackErrorLog\":true,\"showBSR\":false,\"ompSdpWidgetPosition\":\"D\",\"jikguSdpWidgetPosition\":\"B\",\"reorderingSdpWidgets\":true,\"applyRocketInstallToPreOrder\":true,\"delayedPddDesignChange\":\"false\",\"displayRocketLuxuryDelayedPdd\":false,\"displayTopReviewAttributeForStyle\":\"B\",\"enableMiniCart\":false,\"sdpWishNewTip\":true,\"applyMidCarouselDCOConverting\":\"false\",\"enableGoogleInterestGroup\":true,\"overseasItemType\":null,\"pureServerTime\":131,\"pcid\":\"17574923532999053744681\",\"memberSrl\":\"0\",\"isFreshReturnPolicyChange\":true,\"isRocketPlus2DescriptionChangeTarget\":true,\"showResponsiveGnb\":false,\"sellerIngressABFlag\":\"C\",\"showRecentViewButton\":false,\"hideReviews\":false,\"applyNewGNBIcons\":true,\"showResponsiveGnbAddMaxWidth\":true,\"abOfReturnedDisclaimer\":\"B\",\"fixVendorSectionDisplay\":true,\"applyBreadcrumbsNewStyle\":true,\"changeShareImageUrl\":true,\"useNewShareLink\":null,\"changeQuantityPickerInteraction\":false,\"vendorItemPackageId\":null,\"pageTitle\":null,\"canonical\":null,\"metaDescription\":null,\"pageName\":\"sdp\",\"bestAward\":null,\"seoFeature\":{\"disableCSR\":false,\"features\":{\"sdpBreadcrumbs\":[{\"id\":194176,\"linkCode\":\"194276\",\"name\":\"식품\",\"ordering\":0,\"asset\":{},\"selected\":false,\"showChildren\":false,\"linkUri\":\"/np/categories/194276\",\"productCount\":0,\"componentScore\":0,\"visibleChildren\":[],\"selectedWithChildren\":false,\"clickIgnoreCoupangCategoryArea\":false,\"isCategoryBarThreeDepthOver\":false,\"linkCodeEqualsParentLinkCode\":false,\"leafCategory\":true,\"notLeafCategory\":false,\"componentAssets\":{},\"selectedLabelString\":\"\",\"defaultOrMainUsageType\":true,\"mainUsageType\":false,\"subUsageType\":false,\"optionUsageType\":false,\"visible\":true},{\"id\":492529,\"linkCode\":\"492629\",\"name\":\"사과식초/땅콩버터 외\",\"ordering\":0,\"asset\":{},\"selected\":false,\"showChildren\":false,\"linkUri\":\"/np/categories/492629\",\"productCount\":0,\"componentScore\":0,\"visibleChildren\":[],\"selectedWithChildren\":false,\"clickIgnoreCoupangCategoryArea\":false,\"isCategoryBarThreeDepthOver\":false,\"linkCodeEqualsParentLinkCode\":false,\"leafCategory\":true,\"notLeafCategory\":false,\"componentAssets\":{},\"selectedLabelString\":\"\",\"defaultOrMainUsageType\":true,\"mainUsageType\":false,\"subUsageType\":false,\"optionUsageType\":false,\"visible\":true},{\"id\":492686,\"linkCode\":\"492786\",\"name\":\"수산물/건어물\",\"ordering\":0,\"asset\":{},\"selected\":false,\"showChildren\":false,\"linkUri\":\"/np/categories/492786\",\"productCount\":0,\"componentScore\":0,\"visibleChildren\":[],\"selectedWithChildren\":false,\"clickIgnoreCoupangCategoryArea\":false,\"isCategoryBarThreeDepthOver\":false,\"linkCodeEqualsParentLinkCode\":false,\"leafCategory\":true,\"notLeafCategory\":false,\"componentAssets\":{},\"selectedLabelString\":\"\",\"defaultOrMainUsageType\":true,\"mainUsageType\":false,\"subUsageType\":false,\"optionUsageType\":false,\"visible\":true},{\"id\":492731,\"linkCode\":\"492831\",\"name\":\"새우/게/갑각류\",\"ordering\":0,\"asset\":{},\"selected\":false,\"showChildren\":false,\"linkUri\":\"/np/categories/492831\",\"productCount\":0,\"componentScore\":0,\"visibleChildren\":[],\"selectedWithChildren\":false,\"clickIgnoreCoupangCategoryArea\":false,\"isCategoryBarThreeDepthOver\":false,\"linkCodeEqualsParentLinkCode\":false,\"leafCategory\":true,\"notLeafCategory\":false,\"componentAssets\":{},\"selectedLabelString\":\"\",\"defaultOrMainUsageType\":true,\"mainUsageType\":false,\"subUsageType\":false,\"optionUsageType\":false,\"visible\":true},{\"id\":492733,\"linkCode\":\"492833\",\"name\":\"꽃게\",\"ordering\":0,\"asset\":{},\"selected\":false,\"showChildren\":false,\"linkUri\":\"/np/categories/492833\",\"productCount\":0,\"componentScore\":0,\"visibleChildren\":[],\"selectedWithChildren\":false,\"clickIgnoreCoupangCategoryArea\":false,\"isCategoryBarThreeDepthOver\":false,\"linkCodeEqualsParentLinkCode\":false,\"leafCategory\":true,\"notLeafCategory\":false,\"componentAssets\":{},\"selectedLabelString\":\"\",\"defaultOrMainUsageType\":true,\"mainUsageType\":false,\"subUsageType\":false,\"optionUsageType\":false,\"visible\":true}],\"seoMetaUpdated\":true,\"seoMetaTags\":{\"title\":\"삼시세끼연구소 최북단 연평도 조업 살이 단단한 25년 햇꽃게 활 꽃게 숫꽃게 생물, 1kg, 1세트 - 꽃게 | 쿠팡\",\"image\":\"//thumbnail.coupangcdn.com/thumbnails/remote/492x492ex/image/vendor_inventory/5a29/ad60842847c4ed6704211970e47c500c01d878b4a90050ee599d62a1e1f4.png\",\"imageWidth\":492,\"imageHeight\":492,\"url\":null,\"description\":\"쿠팡에서 삼시세끼연구소 최북단 연평도 조업 살이 단단한 25년 햇꽃게 활 꽃게 숫꽃게 생물, 1kg, 1세트 구매하고 더 많은 혜택을 받으세요! 지금 할인중인 다른 꽃게 제품도 바로 쿠팡에서 확인할 수 있습니다.\",\"type\":\"website\",\"locale\":\"ko_KR\",\"siteName\":\"쿠팡\",\"canonical\":null,\"ogSiteName\":null,\"ogLocale\":null,\"ogTitle\":\"삼시세끼연구소 최북단 연평도 조업 살이 단단한 25년 햇꽃게 활 꽃게 숫꽃게 생물, 1kg, 1세트 - 꽃게 | 쿠팡\",\"ogUrl\":null,\"ogImage\":null,\"ogDescription\":\"쿠팡에서 삼시세끼연구소 최북단 연평도 조업 살이 단단한 25년 햇꽃게 활 꽃게 숫꽃게 생물, 1kg, 1세트 구매하고 더 많은 혜택을 받으세요! 지금 할인중인 다른 꽃게 제품도 바로 쿠팡에서 확인할 수 있습니다.\",\"ogType\":null},\"sdpInternalLinkingModule\":[{\"name\":\"새우\",\"url\":\"/np/categories/492832\"},{\"name\":\"대게\",\"url\":\"/np/categories/492834\"},{\"name\":\"홍게\",\"url\":\"/np/categories/492835\"},{\"name\":\"랍스터\",\"url\":\"/np/categories/492836\"},{\"name\":\"킹크랩\",\"url\":\"/np/categories/492837\"},{\"name\":\"기타갑각류\",\"url\":\"/np/categories/492838\"}],\"schemaMarkups\":{\"product\":{\"@context\":\"https://schema.org/\",\"@type\":\"Product\",\"sku\":\"9007354491-26399590821\",\"name\":\"삼시세끼연구소 최북단 연평도 조업 살이 단단한 25년 햇꽃게 활 꽃게 숫꽃게 생물, 1kg, 1세트\",\"image\":[\"https://thumbnail.coupangcdn.com/thumbnails/remote/492x492ex/image/vendor_inventory/5a29/ad60842847c4ed6704211970e47c500c01d878b4a90050ee599d62a1e1f4.png\",\"https://thumbnail.coupangcdn.com/thumbnails/remote/492x492ex/image/vendor_inventory/a684/99287514f9add60ee37af25232b4745a29509d01457867e5eb84dfdbfe00.png\",\"https://thumbnail.coupangcdn.com/thumbnails/remote/492x492ex/image/vendor_inventory/be46/628421a2f405c364a5c281e3c395061e7912a531813c968310e53115afa2.png\",\"https://thumbnail.coupangcdn.com/thumbnails/remote/492x492ex/image/vendor_inventory/3960/b4304a024c951b12f43eba227274934cbdd5f2e2685c399b3a21612746aa.png\",\"https://thumbnail.coupangcdn.com/thumbnails/remote/492x492ex/image/vendor_inventory/4321/1ebe96e45a023dcdc9bd41bdcec4bb24db736e62034e8d9a9acca205a6ff.png\",\"https://thumbnail.coupangcdn.com/thumbnails/remote/492x492ex/image/vendor_inventory/372d/1ba18192cd70d33410850d582cd31bf20e46a50335ce6018f71e9ad31b70.png\",\"https://thumbnail.coupangcdn.com/thumbnails/remote/492x492ex/image/vendor_inventory/ba7d/2857ae92b2a1db38b4990cf4f23a75773cf2c3003bd8df877a6a62d578e7.png\",\"https://thumbnail.coupangcdn.com/thumbnails/remote/492x492ex/image/vendor_inventory/6439/325aa6fb1dbe64c1063dd60cefe87af1ae33c9e5b0081ace19ce1a021813.png\",\"https://thumbnail.coupangcdn.com/thumbnails/remote/492x492ex/image/vendor_inventory/ce86/cc5d97387039c95869d104b3940da955dbe0b4df4e0df35723b499046e4a.png\",\"https://thumbnail.coupangcdn.com/thumbnails/remote/492x492ex/image/vendor_inventory/358b/6539bd8e4b3236ba7428b02dc4bbcd93ebb38f5ebdec07b8525a34a7d71d.png\"],\"description\":\"쿠팡에서 삼시세끼연구소 최북단 연평도 조업 살이 단단한 25년 햇꽃게 활 꽃게 숫꽃게 생물, 1kg, 1세트 구매하고 더 많은 혜택을 받으세요! 지금 할인중인 다른 꽃게 제품도 바로 쿠팡에서 확인할 수 있습니다.\",\"offers\":{\"priceCurrency\":\"KRW\",\"shippingDetails\":{\"shippingRate\":{\"@type\":\"MonetaryAmount\",\"value\":\"0\",\"currency\":\"KRW\"},\"@type\":\"OfferShippingDetails\",\"shippingDestination\":{\"addressCountry\":\"KR\",\"@type\":\"DefinedRegion\",\"addressRegion\":[\"Seoul\"]}},\"priceSpecification\":{\"priceCurrency\":\"KRW\",\"@type\":\"UnitPriceSpecification\",\"price\":\"39900\",\"priceType\":\"https://schema.org/StrikethroughPrice\"},\"@type\":\"Offer\",\"price\":\"29900\",\"availability\":\"https://schema.org/InStock\",\"url\":\"https://www.coupang.com/vp/products/9007354491\"},\"aggregateRating\":{\"@type\":\"AggregateRating\",\"ratingValue\":4.8,\"ratingCount\":\"30\"}}}}},\"removeWowFreeTrial\":true,\"redirectForOrganicTrafficTarget\":false,\"pcsRedirectTargetAndroid\":false,\"isOnlyKrOption\":true,\"isOnlyTwOption\":false,\"cmgWebParity\":true,\"enableAllAds\":true,\"esgRecycleNotice\":false,\"show_PII_NOTIFICATION\":false},\"btfData\":\"$undefined\",\"disableAside\":false}],[[\"$\",\"div\",\"internal-linking-module-0\",{\"className\":\"twc-flex twc-flex-col twc-self-stretch twc-gap-[12px] lg:twc-mt-[40px] lg:twc-mb-[40px]\",\"children\":[[\"$\",\"h2\",null,{\"className\":\"twc-text-[#212B36] twc-font-bold twc-text-[14px] lg:twc-text-[16px]\",\"children\":\"이 상품과 관련된 카테고리\"}],[\"$\",\"div\",null,{\"className\":\"twc-flex twc-flex-wrap twc-items-center twc-gap-[10px] twc-text-[12px]\",\"children\":[[\"$\",\"div\",\"internal-linking-module-0\",{\"className\":\"twc-flex twc-gap-[10px]\",\"children\":[[\"$\",\"a\",null,{\"className\":\"twc-text-cou-blue\",\"href\":\"https://www.coupang.com/np/categories/492832\",\"children\":\"새우\"}],[\"$\",\"span\",null,{\"className\":\"twc-w-px twc-h-[15px] twc-bg-[#EEE]\"}]]}],[\"$\",\"div\",\"internal-linking-module-1\",{\"className\":\"twc-flex twc-gap-[10px]\",\"children\":[[\"$\",\"a\",null,{\"className\":\"twc-text-cou-blue\",\"href\":\"https://www.coupang.com/np/categories/492834\",\"children\":\"대게\"}],[\"$\",\"span\",null,{\"className\":\"twc-w-px twc-h-[15px] twc-bg-[#EEE]\"}]]}],[\"$\",\"div\",\"internal-linking-module-2\",{\"className\":\"twc-flex twc-gap-[10px]\",\"children\":[[\"$\",\"a\",null,{\"className\":\"twc-text-cou-blue\",\"href\":\"https://www.coupang.com/np/categories/492835\",\"children\":\"홍게\"}],[\"$\",\"span\",null,{\"className\":\"twc-w-px twc-h-[15px] twc-bg-[#EEE]\"}]]}],[\"$\",\"div\",\"internal-linking-module-3\",{\"className\":\"twc-flex twc-gap-[10px]\",\"children\":[[\"$\",\"a\",null,{\"className\":\"twc-text-cou-blue\",\"href\":\"https://www.coupang.com/np/categories/492836\",\"children\":\"랍스터\"}],[\"$\",\"span\",null,{\"className\":\"twc-w-px twc-h-[15px] twc-bg-[#EEE]\"}]]}],[\"$\",\"div\",\"internal-linking-module-4\",{\"className\":\"twc-flex twc-gap-[10px]\",\"children\":[[\"$\",\"a\",null,{\"className\":\"twc-text-cou-blue\",\"href\":\"https://www.coupang.com/np/categories/492837\",\"children\":\"킹크랩\"}],[\"$\",\"span\",null,{\"className\":\"twc-w-px twc-h-[15px] twc-bg-[#EEE]\"}]]}],[\"$\",\"div\",\"internal-linking-module-5\",{\"className\":\"twc-flex twc-gap-[10px]\",\"children\":[[\"$\",\"a\",null,{\"className\":\"twc-text-cou-blue\",\"href\":\"https://www.coupang.com/np/categories/492838\",\"children\":\"기타갑각류\"}],false]}]]}]]}]]]}]]}]\n"])</script><script>self.__next_f.push([1,"1d:I[89711,[\"7939\",\"static/chunks/23d1c445-3fb1b5714cafd795.js\",\"1453\",\"static/chunks/eef9e134-6da3a90b6cb6baa9.js\",\"8606\",\"static/chunks/8606-0aeb6aa41ffcda18.js\",\"9938\",\"static/chunks/9938-f9ca04995be6aed9.js\",\"9885\",\"static/chunks/9885-3971aca07d86788e.js\",\"3751\",\"static/chunks/3751-949439daf0ff1c6c.js\",\"7810\",\"static/chunks/7810-ffb1cdafe1fd7b91.js\",\"1736\",\"static/chunks/app/products/%5BproductId%5D/page-560614fd58fc7fd0.js\"],\"I18nProvider\"]\n1e:I[55928,[\"6379\",\"static/chunks/6379-e8a9158eb793ae54.js\",\"7755\",\"static/chunks/app/products/%5BproductId%5D/layout-2abd24c417d9fd76.js\"],\"ClientContextProvider\"]\n20:I[82875,[\"6379\",\"static/chunks/6379-e8a9158eb793ae54.js\",\"7755\",\"static/chunks/app/products/%5BproductId%5D/layout-2abd24c417d9fd76.js\"],\"\"]\n1c:T6c53,"])</script><script>self.__next_f.push([1,"\u003cdiv id=\"wa-config\" data-currency=\"__원\" data-arrow-left=\"https://front.coupangcdn.com/front-web-next/_next/static/media/arrow_left.128503b7.png\" data-t=\"{\u0026quot;94b7db\u0026quot;:\u0026quot;닫기\u0026quot;,\u0026quot;ff1379\u0026quot;:\u0026quot;삭제가 안됐나요? 다시 한번 해보세요.\u0026quot;,\u0026quot;52624c\u0026quot;:\u0026quot;최근본 상품이\u0026quot;,\u0026quot;7779d6\u0026quot;:\u0026quot;없습니다.\u0026quot;,\u0026quot;2d47c8\u0026quot;:\u0026quot;다시 시도해 주세요.\u0026quot;,\u0026quot;back\u0026quot;:\u0026quot;뒤로가기\u0026quot;,\u0026quot;4b8d54\u0026quot;:\u0026quot;검색\u0026quot;,\u0026quot;990d4f\u0026quot;:\u0026quot;마이크\u0026quot;,\u0026quot;2bdfeb\u0026quot;:\u0026quot;최근검색어켜기\u0026quot;,\u0026quot;c8917d\u0026quot;:\u0026quot;최근검색어끄기\u0026quot;,\u0026quot;fd74f0\u0026quot;:\u0026quot;검색어\u0026quot;,\u0026quot;8124e8\u0026quot;:\u0026quot;최근\u0026quot;,\u0026quot;fc81e2\u0026quot;:\u0026quot;삭제\u0026quot;,\u0026quot;f3dc4f\u0026quot;:\u0026quot;최근 검색어 저장 기능이 꺼져 있습니다.\u0026quot;,\u0026quot;4bcb41\u0026quot;:\u0026quot;여행/티켓\u0026quot;,\u0026quot;0037c7\u0026quot;:\u0026quot;테마관\u0026quot;,\u0026quot;6e50be\u0026quot;:\u0026quot;더보기\u0026quot;,\u0026quot;a4b69f\u0026quot;:\u0026quot;전체\u0026quot;}\" data-search-uri=\"/np/search\" data-web-domain=\"https://www.coupang.com\" data-apply-app-redirection=\"1\"\u003e\u003c/div\u003e\u003cdiv id=\"wa-header\" class=\"fw-font-apple-gothic  fw-bg-white s600:fw-static \"\u003e\u003cdiv class=\"fw-bg-[#f0f0f0] \" id=\"wa-top-bar\"\u003e\u003cdiv style=\"max-width:1500px\" class=\"fw-m-auto fw-w-full fw-text-[11px]\"\u003e\u003cmenu class=\"fw-relative fw-float-right *:fw-float-right *:fw-h-[33px] *:fw-pr-[12px] *:fw-pt-[10px]\"\u003e\u003cli class=\"fw-hidden s600:fw-block\"\u003e\u003ca href=\"https://wing.coupang.com/tenants/vendor-signup/signup?utm_source=button_pc_coupang_app_category_3\u0026amp;utm_medium=non_paid\u0026amp;utm_id=onsite_ca\u0026amp;utm_content=20240328\"\u003e판매자 가입\u003c/a\u003e\u003c/li\u003e\u003cli class=\"cs-center fw-group fw-relative\"\u003e\u003ca href=\"https://mc.coupang.com/ssr/desktop/contact/faq\" data-log=\"{ id: \u0026#x27;customer_center\u0026#x27;}\"\u003e고객센터\u003c/a\u003e\u003cp class=\"fw-hidden group-hover:fw-block\" style=\"z-index:9999\"\u003e\u003ca href=\"https://mc.coupang.com/ssr/desktop/contact/faq\" data-log=\"{ id:\u0026#x27;customer_center_1\u0026#x27; }\"\u003e자주묻는 질문\u003c/a\u003e\u003ca href=\"https://mc.coupang.com/ssr/desktop/contact/inquiry\" data-log=\"{ id:\u0026#x27;customer_center_3\u0026#x27; }\"\u003e1:1 채팅문의\u003c/a\u003e\u003ca href=\"https://mc.coupang.com/ssr/desktop/contact/voc\" data-log=\"{ id:\u0026#x27;customer_center_2\u0026#x27; }\"\u003e고객의 소리\u003c/a\u003e\u003ca href=\"https://www.coupang.com/returnPolicy.pang\" data-log=\"{ id:\u0026#x27;customer_center_4\u0026#x27; }\"\u003e취소 / 반품 안내\u003c/a\u003e\u003c/p\u003e\u003c/li\u003e\u003cli\u003e\u003ca href=\"https://login.coupang.com/login/memberJoinFrm.pang\" title=\"회원가입\"\u003e회원가입\u003c/a\u003e\u003c/li\u003e\u003cli\u003e\u003ca href=\"https://login.coupang.com/login/login.pang?rtnUrl=https%3A%2F%2Fwww.coupang.com%2Fnp%2Fpost%2Flogin%3Fr%3Dhttp%253A%252F%252Fwww.coupang.com%252Fvp%252Fproducts%252F9007354491\" title=\"로그인\"\u003e로그인\u003c/a\u003e\u003c/li\u003e\u003c/menu\u003e\u003cmenu id=\"subscribeHeader\" class=\"fw-hidden s600:fw-block\"\u003e\u003cli class=\"new-header\"\u003e\u003ca id=\"wa-bookmark\" data-msg=\"Ctrl+D 키를 누르면 즐겨찾기에 추가하실 수 있습니다.\" class=\"bookmark\" data-log=\"{ id: \u0026quot;add_to_favorites\u0026quot; }\"\u003e즐겨찾기\u003c/a\u003e\u003c/li\u003e\u003cli class=\"vendor-join\"\u003e\u003ca class=\"dropdown_menu_flag\"\u003e입점신청\u003ci class=\"ic\"\u003e\u003c/i\u003e\u003c/a\u003e\u003cp class=\"vendor-join-menu fw-hidden\" style=\"z-index:9999\"\u003e\u003ca href=\"https://marketplace.coupangcorp.com/s/?utm_source=button_pc\u0026amp;utm_medium=non_paid\u0026amp;utm_campaign=onsite_ca\u0026amp;utm_id=coupang_app\" data-log=\"{ id:\u0026#x27;seller_page\u0026#x27; }\" target=\"_blank\"\u003e오픈마켓\u003c/a\u003e\u003ca href=\"https://with.coupang.com/contract/initialize\" data-log=\"{ id:\u0026#x27;travel_seller_page\u0026#x27; }\" target=\"_blank\"\u003e여행·티켓\u003c/a\u003e\u003ca href=\"https://supplier.coupang.com/welcome/join\" data-log=\"{ id:\u0026#x27;rocket_seller_page\u0026#x27; }\" target=\"_blank\"\u003e로켓배송\u003c/a\u003e\u003ca href=\"https://partners.coupang.com\" data-log=\"{ id:\u0026#x27;affiliate_marketing_page\u0026#x27; }\" target=\"_blank\"\u003e제휴마케팅\u003c/a\u003e\u003ca href=\"https://sell.coupang.com?utm_source=web_button_pc_rg\u0026amp;utm_medium=referral\u0026amp;utm_campaign=onsite_lead\u0026amp;utm_id=coupang_web?inflow=WEB_HEADER_B\" data-log=\"{ id:\u0026#x27;rocketGrowth\u0026#x27; }\" target=\"_blank\"\u003e로켓그로스\u003c/a\u003e\u003c/p\u003e\u003c/li\u003e\u003c/menu\u003e\u003cdiv class=\"fw-invisible fw-clear-both fw-h-[0px]\"\u003e.\u003c/div\u003e\u003c/div\u003e\u003c/div\u003e\u003cdiv\u003e\u003cselect id=\"wa-category-select\" name=\"component\" class=\"searchCategories search_category_filter fw-hidden\"\u003e\u003coption value=\"\" data-text=\"전체\"\u003e전체\u003c/option\u003e\u003c/select\u003e\u003cdiv style=\"max-width:1500px\" class=\"fw-mx-auto fw-flex fw-w-full fw-items-center fw-pr-[5px] max-s1024:rlux:fw-bg-[#131516]\"\u003e\u003cdiv id=\"wa-category\" class=\"fw-relative fw-flex fw-h-[48px] fw-w-[48px] fw-cursor-pointer fw-flex-col fw-items-center fw-justify-center fw-bg-[#346aff] rlux:fw-bg-[#131516] s1024:fw-h-[119px] s1024:fw-w-[110px]\"\u003e\u003cdiv class=\"fw-flex fw-h-[24px] fw-w-[24px] fw-flex-col fw-items-center fw-justify-around s1024:fw-h-[28px] s1024:fw-w-[28px]\"\u003e\u003cdiv class=\"fw-h-[1px] fw-w-full fw-bg-white s1024:fw-h-[4px]\"\u003e\u003c/div\u003e\u003cdiv class=\"fw-h-[1px] fw-w-full fw-bg-white s1024:fw-h-[4px]\"\u003e\u003c/div\u003e\u003cdiv class=\"fw-h-[1px] fw-w-full fw-bg-white s1024:fw-h-[4px]\"\u003e\u003c/div\u003e\u003c/div\u003e\u003cdiv class=\"fw-mt-[15px] fw-hidden fw-w-[45px] fw-text-center fw-text-[13px] fw-font-normal fw-leading-none fw-text-white s1024:fw-block\"\u003e카테고리\u003c/div\u003e\u003cdiv class=\"category-layer\" id=\"wa-pc-category\" data-icons=\"https://front.coupangcdn.com/front-web-next/_next/static/media/icons.03b3790b.png\" style=\"z-index:9999\"\u003e\u003cdiv class=\"fw-hidden\"\u003e쇼핑\u003c/div\u003e\u003cul class=\"menu shopping-menu-list fd\"\u003e\u003c/ul\u003e\u003cdiv class=\"fw-hidden\"\u003e티켓\u003c/div\u003e\u003cul class=\"menu ticket-menu-list fd\"\u003e\u003c/ul\u003e\u003cdiv class=\"fw-hidden\"\u003e테마관\u003c/div\u003e\u003cul class=\"menu theme-menu-list menu-divider fd fw-hidden\"\u003e\u003c/ul\u003e\u003cul class=\"menu ingress-menu-list fd\"\u003e\u003cli class=\"ingress-point\"\u003e\u003ca href=\"https://wing.coupang.com/tenants/vendor-signup/signup?utm_source=button_pc_coupang_app_category_3\u0026amp;utm_medium=non_paid\u0026amp;utm_id=onsite_ca\u0026amp;utm_content=20240328\" data-el=\"seller_signup\" data-text=\"입점/판매 신청\"\u003e입점/판매 신청\u003c/a\u003e\u003c/li\u003e\u003c/ul\u003e\u003cdiv class=\"loader-wrapper\"\u003e\u003cspan class=\"loader\"\u003e\u003c/span\u003e\u003c/div\u003e\u003c/div\u003e\u003cdiv class=\"fw-absolute fw-left-0 fw-top-[114px] fw-z-10 fw-hidden fw-w-[220px] fw-overflow-auto fw-bg-white fw-shadow-md\" id=\"wa-mobile-category\" style=\"z-index:9999\"\u003e\u003cdiv id=\"wa-mobile-category-language\"\u003e\u003c/div\u003e\u003cdiv id=\"wa-category-list-wrap\"\u003e\u003c/div\u003e\u003cdiv id=\"wa-mobile-category-app-links\"\u003e\u003c/div\u003e\u003cdiv class=\"loader-wrapper\"\u003e\u003cspan class=\"loader\"\u003e\u003c/span\u003e\u003c/div\u003e\u003c/div\u003e\u003c/div\u003e\u003cdiv class=\"fw-flex fw-flex-1 fw-flex-col max-s1024:fw-h-[48px]\"\u003e\u003cdiv class=\"fw-ml-[16px] fw-flex fw-items-center fw-justify-between max-s1024:fw-h-[48px] s1024:fw-ml-[30px] s1024:fw-mt-[20px]\"\u003e\u003ca href=\"https://www.coupang.com\" class=\"fw-mr-[25px] fw-inline-block fw-flex-none\"\u003e\u003cimg loading=\"lazy\" class=\"fw-h-[23px] fw-w-[101px] s1024:fw-h-[36px] s1024:fw-w-[154px]\" src=\"//image7.coupangcdn.com/image/coupang/common/logo_coupang_w350.png\" alt=\"Coupang\"/\u003e\u003c/a\u003e\u003cform id=\"wa-search-form\" class=\"product-search search-form fw-flex fw-flex-1 fw-items-center fw-border-0 fw-hidden s1024:fw-flex fw-border-2 rlux:fw-border-bluegray-1000\" action=\"/np/search\"\u003e\u003cdiv class=\"select--category fw-w-[90px] s500:fw-w-[135px]\"\u003e\u003cspan class=\"select--category--button\"\u003e\u003c/span\u003e\u003ca class=\"select--category__current rlux:fw-text-bluegray-800\" id=\"currentCategoryText\"\u003e전체\u003c/a\u003e\u003c/div\u003e\u003cdiv class=\"header-searchForm fw-relative fw-flex-1\"\u003e\u003cinput type=\"text\" maxLength=\"49\" placeholder=\"찾고 싶은 상품을 검색해보세요!\" class=\"headerSearchKeyword coupang-search fw-h-full fw-w-full fw-bg-white fw-indent-[10px] fw-text-[14px] fw-outline-none rlux:fw-text-bluegray-1000 rlux:placeholder:fw-text-bluegray-800\" title=\"쿠팡 상품 검색\" autoComplete=\"off\" name=\"q\" value=\"\"/\u003e\u003cinput type=\"hidden\" name=\"traceId\"/\u003e\u003cdiv class=\"headerPopupWords popularity-words\" style=\"z-index:9999\"\u003e\u003cdiv class=\"autocomplete_wrap\"\u003e\u003c/div\u003e\u003cdiv class=\"history-btns\"\u003e\u003cspan class=\"delete-all-kwdhistory del-button\"\u003e전체삭제\u003c/span\u003e\u003cspan class=\"history-on-off on\"\u003e최근검색어끄기\u003c/span\u003e\u003c/div\u003e\u003c/div\u003e\u003c/div\u003e\u003ca class=\"speech-mic fw-mr-[12px] fw-hidden fw-flex-none fw-cursor-pointer\"\u003e\u003c/a\u003e\u003cbutton type=\"submit\" class=\"headerSearchBtn fw-mr-[12px] fw-inline-block fw-flex-none\" title=\"검색\"\u003e\u003cimg loading=\"lazy\" alt=\"\" width=\"20\" height=\"21\" src=\"https://front.coupangcdn.com/front-web-next/_next/static/media/search.85cd3dbf.png\"/\u003e\u003c/button\u003e\u003cinput type=\"hidden\" name=\"channel\" value=\"user\"/\u003e\u003c/form\u003e\u003cul class=\"icon-menus fw-flex\"\u003e\u003cli class=\"my-coupang fw-group fw-relative fw-mx-[24px] fw-flex fw-items-center\"\u003e\u003ca id=\"wa-mycoupang-link\" href=\"https://mc.coupang.com/ssr/desktop/order/list\" data-log=\"{ id: \u0026#x27;mycoupang\u0026#x27;}\"\u003e\u003cimg loading=\"lazy\" alt=\"\" class=\"fw-h-[36px] fw-w-[36px] s1024:fw-h-[44px] s1024:fw-w-[44px]\" src=\"https://front.coupangcdn.com/front-web-next/_next/static/media/person.07e45e52.png\"/\u003e\u003cdiv class=\"fw-hidden fw-text-center s1024:fw-block\"\u003e마이쿠팡\u003c/div\u003e\u003c/a\u003e\u003cp class=\"my-coupang-menu fw-top-[29px] fw-hidden group-hover:fw-block s1024:fw-top-[52px]\" style=\"z-index:9999\"\u003e\u003cspan class=\"wrapper\"\u003e\u003ci class=\"arrow\"\u003e\u003c/i\u003e\u003ca href=\"https://mc.coupang.com/ssr/desktop/order/list\" data-log=\"{ id: \u0026#x27;mycoupang_1\u0026#x27;}\"\u003e주문목록\u003c/a\u003e\u003ca href=\"https://mc.coupang.com/ssr/desktop/cancel-return-exchange/list\" data-log=\"{ id: \u0026#x27;mycoupang_2\u0026#x27;}\"\u003e취소/반품\u003c/a\u003e\u003ca href=\"//wish-web.coupang.com/wishInitView.pang\" data-log=\"{ id: \u0026#x27;mycoupang_4\u0026#x27;}\"\u003e찜 리스트\u003c/a\u003e\u003c/span\u003e\u003c/p\u003e\u003c/li\u003e\u003cli class=\"cart w-mr-0 fw-relative fw-flex s1024:fw-mr-[10px]\" id=\"wa-cart-menu\"\u003e\u003ca id=\"wa-cart-link\" href=\"//cart.coupang.com/cartView.pang\" data-log=\"{ id: \u0026#x27;cart\u0026#x27; }\"\u003e\u003cimg loading=\"lazy\" src=\"https://front.coupangcdn.com/front-web-next/_next/static/media/cart.ccef8f9e.png\" class=\"fw-h-[36px] fw-w-[36px] s1024:fw-h-[44px] s1024:fw-w-[44px]\" alt=\"\"/\u003e\u003cem id=\"headerCartCount\" class=\"fw-right-[-4px] fw-top-[-4px]\"\u003e\u003c/em\u003e\u003cdiv class=\"fw-hidden fw-text-center s1024:fw-block\"\u003e장바구니\u003c/div\u003e\u003c/a\u003e\u003cdiv class=\"fw-top-[29px] fw-hidden s1024:fw-top-[52px]\" style=\"z-index:9999\" id=\"wa-cart-preview\"\u003e\u003cspan class=\"wrapper\"\u003e\u003ci class=\"arrow\"\u003e\u003c/i\u003e\u003cdiv id=\"wa-cart-content\"\u003e\u003cdiv class=\"loader-wrapper\"\u003e\u003cspan class=\"loader\"\u003e\u003c/span\u003e\u003c/div\u003e\u003c/div\u003e\u003cdiv id=\"wa-cart-empty\"\u003e\u003cul\u003e\u003cli class=\"empty-cart\"\u003e장바구니에 담긴 상품이 없습니다.\u003c/li\u003e\u003c/ul\u003e\u003c/div\u003e\u003ca href=\"//cart.coupang.com/cartView.pang\" id=\"wa-cart-btn\"\u003e\u003cspan\u003e\u003cspan\u003e장바구니 전체보기\u003c/span\u003e\u003ci class=\"blue-arrow\"\u003e\u003c/i\u003e\u003c/span\u003e\u003c/a\u003e\u003c/span\u003e\u003c/div\u003e\u003c/li\u003e\u003c/ul\u003e\u003c/div\u003e\u003cdiv class=\"fw-mt-[8px] fw-hidden fw-items-center fw-justify-between s1024:fw-flex\"\u003e\u003cdiv id=\"quick-category-pc\" class=\" gnb-menu-container fw-hidden fw-pl-[20px] s600:fw-block\"\u003e\u003ca class=\"gnb-menu-btn gnb-menu-btn-left\" tabindex=\"0\"\u003e\u003cspan\u003e\u003c/span\u003e\u003c/a\u003e\u003cdiv class=\"fw-w-0\"\u003e\u003cul class=\"gnb-menu-scroll\"\u003e\u003cli class=\"gnb-menu-item\"\u003e\u003ca href=\"https://www.coupangplay.com/catalog\" class=\"\" data-log=\"{ id:\u0026#x27;gnb_menu_item_GNB_V2\u0026#x27;, param:{sectionId:\u0026#x27;coupangplay\u0026#x27;} }\" target=\"_blank\"\u003e\u003cimg loading=\"lazy\" class=\"gnb-menu-item__icon\" alt=\"쿠팡플레이\" src=\"https://image7.coupangcdn.com/image/coupang/home/icons/web/kr/coupang-play.png\"/\u003e\u003cspan\u003e쿠팡플레이\u003c/span\u003e\u003c/a\u003e\u003c/li\u003e\u003cli class=\"gnb-menu-item\"\u003e\u003ca href=\"https://www.coupang.com/np/campaigns/82\" class=\"\" data-log=\"{ id:\u0026#x27;gnb_menu_item_GNB_V2\u0026#x27;, param:{sectionId:\u0026#x27;rocketdelivery\u0026#x27;} }\"\u003e\u003cimg loading=\"lazy\" class=\"gnb-menu-item__icon\" alt=\"로켓배송\" src=\"https://image8.coupangcdn.com/image/coupang/home/icons/web/kr/rocket-delivery.png\"/\u003e\u003cspan\u003e로켓배송\u003c/span\u003e\u003c/a\u003e\u003c/li\u003e\u003cli class=\"gnb-menu-item\"\u003e\u003ca href=\"https://www.coupang.com/np/categories/393760\" class=\"\" data-log=\"{ id:\u0026#x27;gnb_menu_item_GNB_V2\u0026#x27;, param:{sectionId:\u0026#x27;rocketfresh\u0026#x27;} }\"\u003e\u003cimg loading=\"lazy\" class=\"gnb-menu-item__icon\" alt=\"로켓프레시\" src=\"https://image7.coupangcdn.com/image/coupang/home/icons/web/kr/rocket-fresh.png\"/\u003e\u003cspan\u003e로켓프레시\u003c/span\u003e\u003c/a\u003e\u003c/li\u003e\u003cli class=\"gnb-menu-item\"\u003e\u003ca href=\"https://pages.coupang.com/p/152978\" class=\"\" data-log=\"{ id:\u0026#x27;gnb_menu_item_GNB_V2\u0026#x27;, param:{sectionId:\u0026#x27;null\u0026#x27;} }\"\u003e\u003cimg loading=\"lazy\" class=\"gnb-menu-item__icon\" alt=\"2025 추석\" src=\"https://image9.coupangcdn.com/image/coupang/home/icons/csk2025/pc-web.png\"/\u003e\u003cspan\u003e2025 추석\u003c/span\u003e\u003ci class=\"in \" data-new-tag-exposure-mills=\"0\"\u003e\u003c/i\u003e\u003c/a\u003e\u003c/li\u003e\u003cli class=\"gnb-menu-item\"\u003e\u003ca href=\"https://www.coupang.com/np/fbi?sourceType=home_section_fbi\" class=\"\" data-log=\"{ id:\u0026#x27;gnb_menu_item_GNB_V2\u0026#x27;, param:{sectionId:\u0026#x27;frequent_buy_item\u0026#x27;} }\"\u003e\u003cimg loading=\"lazy\" class=\"gnb-menu-item__icon\" alt=\"다시 구매\" src=\"https://image10.coupangcdn.com/image/coupang/common/fbi_icon_3x.png\"/\u003e\u003cspan\u003e다시 구매\u003c/span\u003e\u003ci class=\"in in-exposure\" data-new-tag-exposure-mills=\"2592000000\"\u003e\u003c/i\u003e\u003c/a\u003e\u003c/li\u003e\u003cli class=\"gnb-menu-item\"\u003e\u003ca href=\"https://login.coupang.com/corporation/member/landing-page\" class=\"\" data-log=\"{ id:\u0026#x27;gnb_menu_item_GNB_V2\u0026#x27;, param:{sectionId:\u0026#x27;businessmall_landing\u0026#x27;} }\"\u003e\u003cimg loading=\"lazy\" class=\"gnb-menu-item__icon\" alt=\"쿠팡비즈\" src=\"https://image6.coupangcdn.com/image/coupang/home/icons/web/kr/biz.png\"/\u003e\u003cspan\u003e쿠팡비즈\u003c/span\u003e\u003c/a\u003e\u003c/li\u003e\u003cli class=\"gnb-menu-item\"\u003e\u003ca href=\"https://www.coupang.com/np/coupangglobal\" class=\"\" data-log=\"{ id:\u0026#x27;gnb_menu_item_GNB_V2\u0026#x27;, param:{sectionId:\u0026#x27;coupangglobal\u0026#x27;} }\"\u003e\u003cimg loading=\"lazy\" class=\"gnb-menu-item__icon\" alt=\"로켓직구\" src=\"https://image10.coupangcdn.com/image/coupang/home/icons/web/kr/oversea-delivery.png\"/\u003e\u003cspan\u003e로켓직구\u003c/span\u003e\u003c/a\u003e\u003c/li\u003e\u003cli class=\"gnb-menu-item\"\u003e\u003ca href=\"https://pages.coupang.com/p/121237?sourceType=gm_crm_goldbox\u0026amp;subSourceType=gm_crm_gwsrtcut\" class=\"\" data-log=\"{ id:\u0026#x27;gnb_menu_item_GNB_V2\u0026#x27;, param:{sectionId:\u0026#x27;gold_box\u0026#x27;} }\"\u003e\u003cimg loading=\"lazy\" class=\"gnb-menu-item__icon\" alt=\"골드박스\" src=\"https://image8.coupangcdn.com/image/coupang/home/icons/web/kr/gold-box.png\"/\u003e\u003cspan\u003e골드박스\u003c/span\u003e\u003c/a\u003e\u003c/li\u003e\u003cli class=\"gnb-menu-item\"\u003e\u003ca href=\"https://pages.coupang.com/p/136938\" class=\"\" data-log=\"{ id:\u0026#x27;gnb_menu_item_GNB_V2\u0026#x27;, param:{sectionId:\u0026#x27;NEW_ITEM\u0026#x27;} }\"\u003e\u003cimg loading=\"lazy\" class=\"gnb-menu-item__icon\" alt=\"이달의신상\" src=\"https://image8.coupangcdn.com/image/coupang/home/icons/web/kr/new-item-of-month.png\"/\u003e\u003cspan\u003e이달의신상\u003c/span\u003e\u003c/a\u003e\u003c/li\u003e\u003cli class=\"gnb-menu-item\"\u003e\u003ca href=\"https://www.coupang.com/np/omp\" class=\"\" data-log=\"{ id:\u0026#x27;gnb_menu_item_GNB_V2\u0026#x27;, param:{sectionId:\u0026#x27;OMP\u0026#x27;} }\"\u003e\u003cimg loading=\"lazy\" class=\"gnb-menu-item__icon\" alt=\"판매자특가\" src=\"https://image7.coupangcdn.com/image/coupang/home/icons/web/kr/omp.png\"/\u003e\u003cspan\u003e판매자특가\u003c/span\u003e\u003c/a\u003e\u003c/li\u003e\u003cli class=\"gnb-menu-item\"\u003e\u003ca href=\"https://www.coupang.com/np/campaigns/83\" class=\"\" data-log=\"{ id:\u0026#x27;gnb_menu_item_GNB_V2\u0026#x27;, param:{sectionId:\u0026#x27;subscription\u0026#x27;} }\"\u003e\u003cimg loading=\"lazy\" class=\"gnb-menu-item__icon\" alt=\"와우회원할인\" src=\"https://image6.coupangcdn.com/image/coupang/home/icons/web/kr/wow.png\"/\u003e\u003cspan\u003e와우회원할인\u003c/span\u003e\u003c/a\u003e\u003c/li\u003e\u003cli class=\"gnb-menu-item\"\u003e\u003ca href=\"https://www.coupang.com/np/coupangbenefit\" class=\"\" data-log=\"{ id:\u0026#x27;gnb_menu_item_GNB_V2\u0026#x27;, param:{sectionId:\u0026#x27;coupangbenefit\u0026#x27;} }\"\u003e\u003cimg loading=\"lazy\" class=\"gnb-menu-item__icon\" alt=\"이벤트/쿠폰\" src=\"https://image8.coupangcdn.com/image/coupang/home/icons/web/kr/benefit.png\"/\u003e\u003cspan\u003e이벤트/쿠폰\u003c/span\u003e\u003c/a\u003e\u003c/li\u003e\u003cli class=\"gnb-menu-item\"\u003e\u003ca href=\"https://pages.coupang.com/p/54908\" class=\"\" data-log=\"{ id:\u0026#x27;gnb_menu_item_GNB_V2\u0026#x27;, param:{sectionId:\u0026#x27;WAREHOUSE\u0026#x27;} }\"\u003e\u003cimg loading=\"lazy\" class=\"gnb-menu-item__icon\" alt=\"반품마켓\" src=\"https://image7.coupangcdn.com/image/coupang/home/icons/web/kr/returned-market.png\"/\u003e\u003cspan\u003e반품마켓\u003c/span\u003e\u003c/a\u003e\u003c/li\u003e\u003cli class=\"gnb-menu-item\"\u003e\u003ca href=\"https://pages.coupang.com/p/63240\" class=\"\" data-log=\"{ id:\u0026#x27;gnb_menu_item_GNB_V2\u0026#x27;, param:{sectionId:\u0026#x27;GOOD_MARKET\u0026#x27;} }\"\u003e\u003cimg loading=\"lazy\" class=\"gnb-menu-item__icon\" alt=\"착한상점\" src=\"https://image6.coupangcdn.com/image/coupang/home/icons/web/kr/sustainable-market.png\"/\u003e\u003cspan\u003e착한상점\u003c/span\u003e\u003ci class=\"in \" data-new-tag-exposure-mills=\"0\"\u003e\u003c/i\u003e\u003c/a\u003e\u003c/li\u003e\u003cli class=\"gnb-menu-item\"\u003e\u003ca href=\"https://pages.coupang.com/p/bep?sourceType=gm_crm_oms\u0026amp;subSourceType=gm_crm_gwsrtcut\" class=\"\" data-log=\"{ id:\u0026#x27;gnb_menu_item_GNB_V2\u0026#x27;, param:{sectionId:\u0026#x27;exhibition\u0026#x27;} }\"\u003e\u003cimg loading=\"lazy\" class=\"gnb-menu-item__icon\" alt=\"기획전\" src=\"https://image6.coupangcdn.com/image/coupang/home/icons/web/kr/event.png\"/\u003e\u003cspan\u003e기획전\u003c/span\u003e\u003c/a\u003e\u003c/li\u003e\u003cli class=\"gnb-menu-item\"\u003e\u003ca href=\"https://trip.coupang.com/?channel=gnb\" class=\"\" data-log=\"{ id:\u0026#x27;gnb_menu_item_GNB_V2\u0026#x27;, param:{sectionId:\u0026#x27;TRAVEL\u0026#x27;} }\"\u003e\u003cimg loading=\"lazy\" class=\"gnb-menu-item__icon\" alt=\"쿠팡트래블\" src=\"https://image6.coupangcdn.com/image/coupang/home/icons/web/kr/travel.png\"/\u003e\u003cspan\u003e쿠팡트래블\u003c/span\u003e\u003ci class=\"in \" data-new-tag-exposure-mills=\"0\"\u003e\u003c/i\u003e\u003c/a\u003e\u003c/li\u003e\u003cli class=\"gnb-menu-item\"\u003e\u003ca href=\"https://wing.coupang.com/tenants/vendor-signup/signup?utm_source=button_pc_coupang_shortcut_1\u0026amp;utm_medium=non_paid\u0026amp;utm_id=onsite_ca\u0026amp;utm_content=202411\" class=\"\" data-log=\"{ id:\u0026#x27;gnb_menu_item_GNB_V2\u0026#x27;, param:{sectionId:\u0026#x27;SELL_ON_COUPANG\u0026#x27;} }\"\u003e\u003cimg loading=\"lazy\" class=\"gnb-menu-item__icon\" alt=\"입점신청\" src=\"https://image8.coupangcdn.com/image/coupang/home/icons/web/kr/sell-on-coupang.png\"/\u003e\u003cspan\u003e입점신청\u003c/span\u003e\u003c/a\u003e\u003c/li\u003e\u003c/ul\u003e\u003c/div\u003e\u003ca class=\"gnb-menu-btn gnb-menu-btn-right gnb-menu-btn-active\" tabindex=\"0\"\u003e\u003cspan\u003e\u003c/span\u003e\u003c/a\u003e\u003c/div\u003e\u003c/div\u003e\u003c/div\u003e\u003c/div\u003e\u003cdiv class=\"fw-block fw-border-b-[1px] fw-border-t-[1px] fw-border-[#C4CDD5] fw-p-[10px] s1024:fw-hidden\"\u003e\u003cform id=\"wa-search-form-tablet\" class=\"product-search search-form fw-flex fw-flex-1 fw-items-center fw-border-0  fw-border-2 rlux:fw-border-bluegray-1000\" action=\"/np/search\"\u003e\u003cdiv class=\"select--category fw-w-[90px] s500:fw-w-[135px]\"\u003e\u003cspan class=\"select--category--button\"\u003e\u003c/span\u003e\u003ca class=\"select--category__current rlux:fw-text-bluegray-800\" id=\"currentCategoryText\"\u003e전체\u003c/a\u003e\u003c/div\u003e\u003cdiv class=\"header-searchForm fw-relative fw-flex-1\"\u003e\u003cinput type=\"text\" maxLength=\"49\" placeholder=\"찾고 싶은 상품을 검색해보세요!\" class=\"headerSearchKeyword coupang-search fw-h-full fw-w-full fw-bg-white fw-indent-[10px] fw-text-[14px] fw-outline-none rlux:fw-text-bluegray-1000 rlux:placeholder:fw-text-bluegray-800\" title=\"쿠팡 상품 검색\" autoComplete=\"off\" name=\"q\" value=\"\"/\u003e\u003cinput type=\"hidden\" name=\"traceId\"/\u003e\u003cdiv class=\"headerPopupWords popularity-words\" style=\"z-index:9999\"\u003e\u003cdiv class=\"autocomplete_wrap\"\u003e\u003c/div\u003e\u003cdiv class=\"history-btns\"\u003e\u003cspan class=\"delete-all-kwdhistory del-button\"\u003e전체삭제\u003c/span\u003e\u003cspan class=\"history-on-off on\"\u003e최근검색어끄기\u003c/span\u003e\u003c/div\u003e\u003c/div\u003e\u003c/div\u003e\u003ca class=\"speech-mic fw-mr-[12px] fw-hidden fw-flex-none fw-cursor-pointer\"\u003e\u003c/a\u003e\u003cbutton type=\"submit\" class=\"headerSearchBtn fw-mr-[12px] fw-inline-block fw-flex-none\" title=\"검색\"\u003e\u003cimg loading=\"lazy\" alt=\"\" width=\"20\" height=\"21\" src=\"https://front.coupangcdn.com/front-web-next/_next/static/media/search.85cd3dbf.png\"/\u003e\u003c/button\u003e\u003cinput type=\"hidden\" name=\"channel\" value=\"user\"/\u003e\u003c/form\u003e\u003c/div\u003e\u003cdiv class=\"fw-mt-[8px] fw-hidden fw-items-center fw-justify-between s768:fw-flex s1024:fw-hidden\"\u003e\u003cdiv id=\"quick-category-tablet\" class=\" gnb-menu-container fw-hidden fw-pl-[20px] s600:fw-block\"\u003e\u003ca class=\"gnb-menu-btn gnb-menu-btn-left\" tabindex=\"0\"\u003e\u003cspan\u003e\u003c/span\u003e\u003c/a\u003e\u003cdiv class=\"fw-w-0\"\u003e\u003cul class=\"gnb-menu-scroll\"\u003e\u003cli class=\"gnb-menu-item\"\u003e\u003ca href=\"https://www.coupangplay.com/catalog\" class=\"\" data-log=\"{ id:\u0026#x27;gnb_menu_item_GNB_V2\u0026#x27;, param:{sectionId:\u0026#x27;coupangplay\u0026#x27;} }\" target=\"_blank\"\u003e\u003cimg loading=\"lazy\" class=\"gnb-menu-item__icon\" alt=\"쿠팡플레이\" src=\"https://image7.coupangcdn.com/image/coupang/home/icons/web/kr/coupang-play.png\"/\u003e\u003cspan\u003e쿠팡플레이\u003c/span\u003e\u003c/a\u003e\u003c/li\u003e\u003cli class=\"gnb-menu-item\"\u003e\u003ca href=\"https://www.coupang.com/np/campaigns/82\" class=\"\" data-log=\"{ id:\u0026#x27;gnb_menu_item_GNB_V2\u0026#x27;, param:{sectionId:\u0026#x27;rocketdelivery\u0026#x27;} }\"\u003e\u003cimg loading=\"lazy\" class=\"gnb-menu-item__icon\" alt=\"로켓배송\" src=\"https://image8.coupangcdn.com/image/coupang/home/icons/web/kr/rocket-delivery.png\"/\u003e\u003cspan\u003e로켓배송\u003c/span\u003e\u003c/a\u003e\u003c/li\u003e\u003cli class=\"gnb-menu-item\"\u003e\u003ca href=\"https://www.coupang.com/np/categories/393760\" class=\"\" data-log=\"{ id:\u0026#x27;gnb_menu_item_GNB_V2\u0026#x27;, param:{sectionId:\u0026#x27;rocketfresh\u0026#x27;} }\"\u003e\u003cimg loading=\"lazy\" class=\"gnb-menu-item__icon\" alt=\"로켓프레시\" src=\"https://image7.coupangcdn.com/image/coupang/home/icons/web/kr/rocket-fresh.png\"/\u003e\u003cspan\u003e로켓프레시\u003c/span\u003e\u003c/a\u003e\u003c/li\u003e\u003cli class=\"gnb-menu-item\"\u003e\u003ca href=\"https://pages.coupang.com/p/152978\" class=\"\" data-log=\"{ id:\u0026#x27;gnb_menu_item_GNB_V2\u0026#x27;, param:{sectionId:\u0026#x27;null\u0026#x27;} }\"\u003e\u003cimg loading=\"lazy\" class=\"gnb-menu-item__icon\" alt=\"2025 추석\" src=\"https://image9.coupangcdn.com/image/coupang/home/icons/csk2025/pc-web.png\"/\u003e\u003cspan\u003e2025 추석\u003c/span\u003e\u003ci class=\"in \" data-new-tag-exposure-mills=\"0\"\u003e\u003c/i\u003e\u003c/a\u003e\u003c/li\u003e\u003cli class=\"gnb-menu-item\"\u003e\u003ca href=\"https://www.coupang.com/np/fbi?sourceType=home_section_fbi\" class=\"\" data-log=\"{ id:\u0026#x27;gnb_menu_item_GNB_V2\u0026#x27;, param:{sectionId:\u0026#x27;frequent_buy_item\u0026#x27;} }\"\u003e\u003cimg loading=\"lazy\" class=\"gnb-menu-item__icon\" alt=\"다시 구매\" src=\"https://image10.coupangcdn.com/image/coupang/common/fbi_icon_3x.png\"/\u003e\u003cspan\u003e다시 구매\u003c/span\u003e\u003ci class=\"in in-exposure\" data-new-tag-exposure-mills=\"2592000000\"\u003e\u003c/i\u003e\u003c/a\u003e\u003c/li\u003e\u003cli class=\"gnb-menu-item\"\u003e\u003ca href=\"https://login.coupang.com/corporation/member/landing-page\" class=\"\" data-log=\"{ id:\u0026#x27;gnb_menu_item_GNB_V2\u0026#x27;, param:{sectionId:\u0026#x27;businessmall_landing\u0026#x27;} }\"\u003e\u003cimg loading=\"lazy\" class=\"gnb-menu-item__icon\" alt=\"쿠팡비즈\" src=\"https://image6.coupangcdn.com/image/coupang/home/icons/web/kr/biz.png\"/\u003e\u003cspan\u003e쿠팡비즈\u003c/span\u003e\u003c/a\u003e\u003c/li\u003e\u003cli class=\"gnb-menu-item\"\u003e\u003ca href=\"https://www.coupang.com/np/coupangglobal\" class=\"\" data-log=\"{ id:\u0026#x27;gnb_menu_item_GNB_V2\u0026#x27;, param:{sectionId:\u0026#x27;coupangglobal\u0026#x27;} }\"\u003e\u003cimg loading=\"lazy\" class=\"gnb-menu-item__icon\" alt=\"로켓직구\" src=\"https://image10.coupangcdn.com/image/coupang/home/icons/web/kr/oversea-delivery.png\"/\u003e\u003cspan\u003e로켓직구\u003c/span\u003e\u003c/a\u003e\u003c/li\u003e\u003cli class=\"gnb-menu-item\"\u003e\u003ca href=\"https://pages.coupang.com/p/121237?sourceType=gm_crm_goldbox\u0026amp;subSourceType=gm_crm_gwsrtcut\" class=\"\" data-log=\"{ id:\u0026#x27;gnb_menu_item_GNB_V2\u0026#x27;, param:{sectionId:\u0026#x27;gold_box\u0026#x27;} }\"\u003e\u003cimg loading=\"lazy\" class=\"gnb-menu-item__icon\" alt=\"골드박스\" src=\"https://image8.coupangcdn.com/image/coupang/home/icons/web/kr/gold-box.png\"/\u003e\u003cspan\u003e골드박스\u003c/span\u003e\u003c/a\u003e\u003c/li\u003e\u003cli class=\"gnb-menu-item\"\u003e\u003ca href=\"https://pages.coupang.com/p/136938\" class=\"\" data-log=\"{ id:\u0026#x27;gnb_menu_item_GNB_V2\u0026#x27;, param:{sectionId:\u0026#x27;NEW_ITEM\u0026#x27;} }\"\u003e\u003cimg loading=\"lazy\" class=\"gnb-menu-item__icon\" alt=\"이달의신상\" src=\"https://image8.coupangcdn.com/image/coupang/home/icons/web/kr/new-item-of-month.png\"/\u003e\u003cspan\u003e이달의신상\u003c/span\u003e\u003c/a\u003e\u003c/li\u003e\u003cli class=\"gnb-menu-item\"\u003e\u003ca href=\"https://www.coupang.com/np/omp\" class=\"\" data-log=\"{ id:\u0026#x27;gnb_menu_item_GNB_V2\u0026#x27;, param:{sectionId:\u0026#x27;OMP\u0026#x27;} }\"\u003e\u003cimg loading=\"lazy\" class=\"gnb-menu-item__icon\" alt=\"판매자특가\" src=\"https://image7.coupangcdn.com/image/coupang/home/icons/web/kr/omp.png\"/\u003e\u003cspan\u003e판매자특가\u003c/span\u003e\u003c/a\u003e\u003c/li\u003e\u003cli class=\"gnb-menu-item\"\u003e\u003ca href=\"https://www.coupang.com/np/campaigns/83\" class=\"\" data-log=\"{ id:\u0026#x27;gnb_menu_item_GNB_V2\u0026#x27;, param:{sectionId:\u0026#x27;subscription\u0026#x27;} }\"\u003e\u003cimg loading=\"lazy\" class=\"gnb-menu-item__icon\" alt=\"와우회원할인\" src=\"https://image6.coupangcdn.com/image/coupang/home/icons/web/kr/wow.png\"/\u003e\u003cspan\u003e와우회원할인\u003c/span\u003e\u003c/a\u003e\u003c/li\u003e\u003cli class=\"gnb-menu-item\"\u003e\u003ca href=\"https://www.coupang.com/np/coupangbenefit\" class=\"\" data-log=\"{ id:\u0026#x27;gnb_menu_item_GNB_V2\u0026#x27;, param:{sectionId:\u0026#x27;coupangbenefit\u0026#x27;} }\"\u003e\u003cimg loading=\"lazy\" class=\"gnb-menu-item__icon\" alt=\"이벤트/쿠폰\" src=\"https://image8.coupangcdn.com/image/coupang/home/icons/web/kr/benefit.png\"/\u003e\u003cspan\u003e이벤트/쿠폰\u003c/span\u003e\u003c/a\u003e\u003c/li\u003e\u003cli class=\"gnb-menu-item\"\u003e\u003ca href=\"https://pages.coupang.com/p/54908\" class=\"\" data-log=\"{ id:\u0026#x27;gnb_menu_item_GNB_V2\u0026#x27;, param:{sectionId:\u0026#x27;WAREHOUSE\u0026#x27;} }\"\u003e\u003cimg loading=\"lazy\" class=\"gnb-menu-item__icon\" alt=\"반품마켓\" src=\"https://image7.coupangcdn.com/image/coupang/home/icons/web/kr/returned-market.png\"/\u003e\u003cspan\u003e반품마켓\u003c/span\u003e\u003c/a\u003e\u003c/li\u003e\u003cli class=\"gnb-menu-item\"\u003e\u003ca href=\"https://pages.coupang.com/p/63240\" class=\"\" data-log=\"{ id:\u0026#x27;gnb_menu_item_GNB_V2\u0026#x27;, param:{sectionId:\u0026#x27;GOOD_MARKET\u0026#x27;} }\"\u003e\u003cimg loading=\"lazy\" class=\"gnb-menu-item__icon\" alt=\"착한상점\" src=\"https://image6.coupangcdn.com/image/coupang/home/icons/web/kr/sustainable-market.png\"/\u003e\u003cspan\u003e착한상점\u003c/span\u003e\u003ci class=\"in \" data-new-tag-exposure-mills=\"0\"\u003e\u003c/i\u003e\u003c/a\u003e\u003c/li\u003e\u003cli class=\"gnb-menu-item\"\u003e\u003ca href=\"https://pages.coupang.com/p/bep?sourceType=gm_crm_oms\u0026amp;subSourceType=gm_crm_gwsrtcut\" class=\"\" data-log=\"{ id:\u0026#x27;gnb_menu_item_GNB_V2\u0026#x27;, param:{sectionId:\u0026#x27;exhibition\u0026#x27;} }\"\u003e\u003cimg loading=\"lazy\" class=\"gnb-menu-item__icon\" alt=\"기획전\" src=\"https://image6.coupangcdn.com/image/coupang/home/icons/web/kr/event.png\"/\u003e\u003cspan\u003e기획전\u003c/span\u003e\u003c/a\u003e\u003c/li\u003e\u003cli class=\"gnb-menu-item\"\u003e\u003ca href=\"https://trip.coupang.com/?channel=gnb\" class=\"\" data-log=\"{ id:\u0026#x27;gnb_menu_item_GNB_V2\u0026#x27;, param:{sectionId:\u0026#x27;TRAVEL\u0026#x27;} }\"\u003e\u003cimg loading=\"lazy\" class=\"gnb-menu-item__icon\" alt=\"쿠팡트래블\" src=\"https://image6.coupangcdn.com/image/coupang/home/icons/web/kr/travel.png\"/\u003e\u003cspan\u003e쿠팡트래블\u003c/span\u003e\u003ci class=\"in \" data-new-tag-exposure-mills=\"0\"\u003e\u003c/i\u003e\u003c/a\u003e\u003c/li\u003e\u003cli class=\"gnb-menu-item\"\u003e\u003ca href=\"https://wing.coupang.com/tenants/vendor-signup/signup?utm_source=button_pc_coupang_shortcut_1\u0026amp;utm_medium=non_paid\u0026amp;utm_id=onsite_ca\u0026amp;utm_content=202411\" class=\"\" data-log=\"{ id:\u0026#x27;gnb_menu_item_GNB_V2\u0026#x27;, param:{sectionId:\u0026#x27;SELL_ON_COUPANG\u0026#x27;} }\"\u003e\u003cimg loading=\"lazy\" class=\"gnb-menu-item__icon\" alt=\"입점신청\" src=\"https://image8.coupangcdn.com/image/coupang/home/icons/web/kr/sell-on-coupang.png\"/\u003e\u003cspan\u003e입점신청\u003c/span\u003e\u003c/a\u003e\u003c/li\u003e\u003c/ul\u003e\u003c/div\u003e\u003ca class=\"gnb-menu-btn gnb-menu-btn-right gnb-menu-btn-active\" tabindex=\"0\"\u003e\u003cspan\u003e\u003c/span\u003e\u003c/a\u003e\u003c/div\u003e\u003c/div\u003e\u003c/div\u003e\u003c/div\u003e\u003cdiv class=\"fw-relative\"\u003e\u003carticle id=\"wa-sidebar\" style=\"z-index:9900\" class=\"fw-absolute fw-hidden \"\u003e\u003cul class=\"promotion-banner\"\u003e\u003cli\u003e\u003ca href=\"https://www.coupang.com/np/campaigns/1440\"\u003e\u003cimg loading=\"lazy\" src=\"https://image7.coupangcdn.com/image/displayitem/displayitem_8ad9b5e0-fd76-407b-b820-6494f03ffc31.jpg\" width=\"102\" height=\"150\" alt=\"\"/\u003e\u003c/a\u003e\u003c/li\u003e\u003cli\u003e\u003ca href=\"https://pages.coupang.com/p/78273\"\u003e\u003cimg loading=\"lazy\" src=\"https://image9.coupangcdn.com/image/displayitem/displayitem_48aaaba4-66fa-47a9-82d1-2efb04c14cb5.jpg\" width=\"102\" height=\"150\" alt=\"\"/\u003e\u003c/a\u003e\u003c/li\u003e\u003cli\u003e\u003ca href=\"https://www.coupang.com/np/categories/510691\"\u003e\u003cimg loading=\"lazy\" src=\"https://image8.coupangcdn.com/image/displayitem/displayitem_eea963ab-9659-4fb7-87c4-36be5b82917a.png\" width=\"102\" height=\"150\" alt=\"\"/\u003e\u003c/a\u003e\u003c/li\u003e\u003cli\u003e\u003ca href=\"https://pages.coupang.com/p/68594\"\u003e\u003cimg loading=\"lazy\" src=\"https://image9.coupangcdn.com/image/displayitem/displayitem_ad84783d-4811-49c6-99e8-79a1085b0d8b.png\" width=\"102\" height=\"150\" alt=\"\"/\u003e\u003c/a\u003e\u003c/li\u003e\u003cli\u003e\u003ca href=\"https://wing.coupang.com/tenants/vendor-signup/signup?utm_source=button_pc_coupang_web_rignt_wing\u0026amp;utm_medium=non_paid\u0026amp;utm_id=onsite_ca\u0026amp;utm_content=20240516\"\u003e\u003cimg loading=\"lazy\" src=\"https://image8.coupangcdn.com/image/displayitem/displayitem_92caf13f-61ae-4634-83c5-124d84633848.png\" width=\"102\" height=\"150\" alt=\"\"/\u003e\u003c/a\u003e\u003c/li\u003e\u003c/ul\u003e\u003c/article\u003e\u003c/div\u003e\u003cdiv id=\"wa-goto-top\" style=\"z-index:9950\" class=\"\"\u003e\u003cbutton class=\"goto-top__button\"\u003e\u003ci class=\"goto-top__arrow\"\u003e\u003c/i\u003e\u003c/button\u003e\u003c/div\u003e\u003cdiv id=\"wa-banners\"\u003e\u003c/div\u003e"])</script><script>self.__next_f.push([1,"1f:T177a,"])</script><script>self.__next_f.push([1,"\u003cfooter id=\"wa-footer\"\u003e\u003cdiv class=\"footer-layer1 is-narrowed fw-flex fw-items-center fw-justify-center max-s768:fw-flex-col\" style=\"justify-content:center\"\u003e\u003cdiv class=\"fw-flex fw-flex-wrap\"\u003e\u003ca href=\"https://news.coupang.com/\" target=\"_blank\"\u003e회사소개\u003c/a\u003e\u003ca href=\"https://ir.aboutcoupang.com/English/home/\" target=\"_blank\"\u003eInvestor Relations\u003c/a\u003e\u003ca href=\"https://rocketyourcareer.kr.coupang.com\" target=\"_blank\"\u003e인재채용\u003c/a\u003e\u003ca href=\"https://marketplace.coupangcorp.com/s/?utm_source=button_pc\u0026amp;utm_medium=non_paid\u0026amp;utm_campaign=onsite_ca\u0026amp;utm_id=coupang_app?inflow=WEB_FOOTER_B\"\u003e입점/제휴문의\u003c/a\u003e\u003ca href=\"https://mc.coupang.com/ssr/desktop/contact/notice\"\u003e 공지사항\u003c/a\u003e\u003ca href=\"https://mc.coupang.com/ssr/desktop/contact/voc\"\u003e 고객의 소리\u003c/a\u003e\u003ca href=\"https://www.coupang.com/np/policies/terms\"\u003e 이용약관\u003c/a\u003e\u003ca href=\"https://privacy.coupang.com/ko/center/coupang\"\u003e \u003cstrong\u003e개인정보 처리방침\u003c/strong\u003e\u003c/a\u003e\u003ca href=\"https://privacy.coupang.com/ko/security/status\"\u003e정보보호/개인정보보호 인증\u003c/a\u003e\u003ca href=\"https://rocketpay.coupang.com/rocketpay/operationTerms/coupangPcFooter\"\u003e쿠팡페이 이용약관\u003c/a\u003e\u003ca href=\"https://www.coupang.com/np/safety\"\u003e 신뢰관리센터\u003c/a\u003e\u003ca href=\"https://partners.coupang.com/\" target=\"_blank\"\u003e제휴마케팅\u003c/a\u003e\u003ca href=\"https://ads.coupang.com\" target=\"_blank\"\u003e광고안내\u003c/a\u003e\u003c/div\u003e\u003cdiv class=\"fw-inline-block max-s768:fw-mx-[16px] max-s768:fw-mt-[15px] max-s768:fw-block max-s768:fw-w-full\"\u003e\u003cdiv id=\"site-picker\" class=\"site-picker fw-w-[180px] max-s768:fw-w-auto\"\u003e\u003cspan id=\"site-picker-select\" class=\"site-picker-label fw-w-full\"\u003e\u003cp\u003eGlobal Site\u003c/p\u003e \u003cspan class=\"site-picker__arrow\"\u003e\u003c/span\u003e\u003c/span\u003e\u003cul style=\"z-index:9999\"\u003e\u003cli\u003e\u003ca href=\"https://www.tw.coupang.com\"\u003eCoupang Taiwan 酷澎台灣\u003c/a\u003e\u003c/li\u003e\u003c/ul\u003e\u003c/div\u003e\u003c/div\u003e\u003c/div\u003e\u003cdiv class=\"footer-layer2 fw-flex fw-max-w-[768px] fw-justify-between fw-p-[16px] max-s768:fw-flex-col max-s768:fw-gap-[32px] max-s768:fw-px-[15px]\"\u003e\u003caddress class=\"fw-flex fw-gap-[24px] max-s768:fw-flex-col\"\u003e\u003ca class=\"logo fw-opacity-50\" href=\"https://www.coupang.com/\" title=\"COUPANG\"\u003e\u003cimg src=\"https://front.coupangcdn.com/front-web-next/_next/static/media/logo.f2c4ccb2.png\" alt=\"\" loading=\"lazy\"/\u003e\u003c/a\u003e\u003cdiv\u003e상호명 및 호스팅 서비스 제공 : 쿠팡(주)                \u003cbr/\u003e 대표이사 : 박대준                \u003cbr/\u003e 서울시 송파구 송파대로 570 \u003cbr/\u003e 사업자 등록번호 : 120-88-00767 \u003cbr/\u003e                통신판매업신고 : 2017-서울송파-0680                \u003cbr/\u003e\u003ca href=\"http://www.ftc.go.kr/info/bizinfo/communicationViewPopup.jsp?wrkr_no=1208800767\" target=\"_blank\" class=\"licensee\"\u003e사업자정보 확인 \u0026gt;\u003c/a\u003e\u003c/div\u003e\u003c/address\u003e\u003cdiv class=\"contact-info\"\u003e\u003ca href=\"https://mc.coupang.com/ssr/desktop/contact/inquiry\" class=\"call-center\"\u003e \u003cstrong\u003e365고객센터\u003c/strong\u003e | 전자금융거래분쟁처리담당              \u003cbr/\u003e \u003cem\u003e1577-7011 (유료)\u003c/em\u003e 서울시 송파구 송파대로 570              \u003cbr/\u003e              \u003cspan class=\"contact-fax\"\u003eemail : help@coupang.com\u003c/span\u003e\u003c/a\u003e\u003c/div\u003e\u003cp class=\"safe-service\"\u003e\u003cstrong\u003e채무지급보증 안내\u003c/strong\u003e            \u003cbr/\u003e            \u003cspan\u003e              당사는 고객님이 현금 결제한 금액에 대해              \u003cbr/\u003e 채무지급보증 계약을 체결하여              \u003cbr/\u003e 안전거래를 보장하고 있습니다.              \u003cbr/\u003e            \u003c/span\u003e\u003ca href=\"https://www.coupang.com/np/etc/popWooriService\" target=\"_blank\" class=\"service-check fw-cursor-pointer\"\u003e서비스 가입사실 확인 \u0026gt;\u003c/a\u003e\u003c/p\u003e\u003c/div\u003e\u003cdiv class=\"fw-mx-auto fw-mb-[20px] fw-mt-[15px] fw-hidden fw-border-b-[1px] fw-border-b-[#ddd] s768:fw-block s1500:fw-max-w-[1300px]\"\u003e\u003c/div\u003e\u003cdiv class=\"fw-mx-auto fw-mb-[16px] fw-max-w-[1300px] fw-flex-wrap fw-items-center fw-justify-start fw-gap-[8px] fw-px-[14px] fw-text-[11px] fw-text-[#768695] fw-flex s768:fw-justify-center\"\u003e\u003cdiv\u003e\u003cimg alt=\"\" loading=\"lazy\" src=\"https://front.coupangcdn.com/front-web-next/_next/static/media/5.73affd35.png\" width=\"89\" height=\"36\"/\u003e\u003c/div\u003e\u003cdiv\u003e\u003cimg alt=\"\" loading=\"lazy\" src=\"https://front.coupangcdn.com/front-web-next/_next/static/media/6.901d77a5.png\" width=\"55\" height=\"36\"/\u003e\u003c/div\u003e\u003c/div\u003e\u003cdiv class=\"footer-layer4\"\u003e\u003cdiv class=\"coupang-copyright fw-mx-auto fw-flex fw-max-w-[968px] fw-items-center fw-justify-between fw-gap-[20px] max-s768:fw-flex-col max-s768:fw-items-start max-s768:fw-gap-[10px]\"\u003e\u003cp class=\"info\"\u003e사이버몰 내 판매되는 상품 중에는 쿠팡에 등록한 개별 판매자가 판매하는                마켓플레이스(오픈마켓) 상품이 포함되어 있습니다. \u003cbr/\u003e                마켓플레이스(오픈마켓) 상품의 경우 쿠팡은 통신판매중개자이며 통신판매의 당사자가                아닙니다. \u003cbr/\u003e 쿠팡은 마켓플레이스(오픈마켓) 상품, 거래정보 및 거래 등에 대하여                책임을 지지 않습니다. \u003cbr/\u003e                쿠팡은 소비자 보호와 안전거래를 위해 신뢰관리센터(CM112@coupang.com)를 운영하고                있으며, 관련 분쟁이 발생할 경우 별도의 분쟁 처리절차에 의거 분쟁이 처리됩니다.                \u003cbr/\u003e Copyright © Coupang Corp. 2010-2025 All Rights Reserved.\u003c/p\u003e\u003cul class=\"sns-link fw-flex\"\u003e\u003cli\u003e\u003ca href=\"https://www.facebook.com/Coupang.korea\" target=\"_blank\" class=\"facebook\"\u003e\u003cimg loading=\"lazy\" src=\"https://front.coupangcdn.com/front-web-next/_next/static/media/f.34bde318.png\" alt=\"\" width=\"30\" height=\"30\"/\u003e\u003c/a\u003e\u003c/li\u003e\u003cli\u003e\u003ca href=\"https://news.coupang.com/\" target=\"_blank\" class=\"blog\"\u003e\u003cimg loading=\"lazy\" src=\"https://front.coupangcdn.com/front-web-next/_next/static/media/b.637cda1c.png\" class=\"fw-rounded-full\" alt=\"\" width=\"30\" height=\"30\"/\u003e\u003c/a\u003e\u003c/li\u003e\u003cli\u003e\u003ca href=\"https://www.instagram.com/coupang\" target=\"_blank\" class=\"instagram\"\u003e\u003cimg src=\"https://front.coupangcdn.com/front-web-next/_next/static/media/s.a7aca4ea.png\" alt=\"\" loading=\"lazy\" class=\"fw-rounded-full fw-bg-white\" width=\"30\" height=\"30\"/\u003e\u003c/a\u003e\u003c/li\u003e\u003c/ul\u003e\u003c/div\u003e\u003c/div\u003e\u003c/footer\u003e"])</script><script>self.__next_f.push([1,"17:[\"$\",\"html\",null,{\"lang\":\"ko-KR\",\"children\":[[\"$\",\"head\",null,{\"children\":[[[\"$\",\"meta\",null,{\"name\":\"viewport\",\"content\":\"width=device-width, initial-scale=1.0, maximum-scale=1.0, user-scalable=0\"}],[\"$\",\"meta\",null,{\"name\":\"format-detection\",\"content\":\"telephone=no, date=no, email=no, address=no\"}],[\"$\",\"link\",null,{\"rel\":\"shortcut icon\",\"href\":\"https://image7.coupangcdn.com/image/coupang/favicon/favicon.ico\",\"type\":\"image/x-icon\"}],[\"$\",\"link\",null,{\"rel\":\"apple-touch-icon\",\"href\":\"https://image10.coupangcdn.com/image/mobile/v3/web_favicon.png\"}],[\"$\",\"meta\",null,{\"httpEquiv\":\"x-dns-prefetch-control\",\"content\":\"on\"}],[\"$\",\"link\",null,{\"rel\":\"dns-prefetch\",\"href\":\"//assets.coupang.com\"}],[\"$\",\"link\",null,{\"rel\":\"dns-prefetch\",\"href\":\"//assets2.coupang.com\"}],[\"$\",\"link\",null,{\"rel\":\"dns-prefetch\",\"href\":\"//assets.coupangcdn.com\"}],[\"$\",\"link\",null,{\"rel\":\"dns-prefetch\",\"href\":\"//asset1.coupangcdn.com\"}],[\"$\",\"link\",null,{\"rel\":\"dns-prefetch\",\"href\":\"//private.coupang.com\"}],[\"$\",\"link\",null,{\"rel\":\"dns-prefetch\",\"href\":\"//img1a.coupangcdn.com\"}],[\"$\",\"link\",null,{\"rel\":\"dns-prefetch\",\"href\":\"//image1.coupangcdn.com\"}],[\"$\",\"link\",null,{\"rel\":\"dns-prefetch\",\"href\":\"//thumbnail1.coupangcdn.com\"}],[\"$\",\"link\",null,{\"rel\":\"dns-prefetch\",\"href\":\"//static.coupangcdn.com\"}],[\"$\",\"link\",null,{\"rel\":\"dns-prefetch\",\"href\":\"//www.facebook.com\"}],[\"$\",\"link\",null,{\"rel\":\"dns-prefetch\",\"href\":\"//www.google.com\"}],[\"$\",\"link\",null,{\"rel\":\"dns-prefetch\",\"href\":\"//www.google.co.kr\"}],[\"$\",\"link\",null,{\"rel\":\"dns-prefetch\",\"href\":\"//stats.g.doubleclick.net\"}],[\"$\",\"link\",null,{\"rel\":\"dns-prefetch\",\"href\":\"//connect.facebook.net\"}]],\"$undefined\",[[\"$\",\"link\",\"0\",{\"href\":\"https://front.coupangcdn.com/front-web-next/_next/static/web-adapter/style-BDM0OAsD.css\",\"rel\":\"stylesheet\"}]]]}],[\"$\",\"body\",null,{\"className\":\"fw-font-apple-gothic\",\"style\":\"$undefined\",\"data-domain\":\"SDP\",\"data-product-id\":\"9007354491\",\"children\":[\"$undefined\",[\"$\",\"div\",null,{\"dangerouslySetInnerHTML\":{\"__html\":\"$1c\"}}],[[\"$\",\"script\",null,{\"children\":\"\\n          \\n          window['__weblog_args__']={\\\"pageName\\\":\\\"sdp\\\",\\\"domain\\\":\\\"sdp\\\"};\\n          window['__jslog_args__']={\\\"applicationId\\\":\\\"sdp_next\\\",\\\"domain\\\":\\\"sdp_next\\\",\\\"pageName\\\":\\\"sdp\\\",\\\"instanceId\\\":\\\"primary-645f96b989-jlqbh\\\"};\\n          \"}],[\"$\",\"style\",null,{\"children\":\"\\n            body {\\n              --adjust-font-size: 0px;\\n            }\\n          \"}],[\"$\",\"$L1d\",null,{\"payload\":{\"homeUrl\":\"//www.coupang.com\",\"brandshopUrl\":\"//www.coupang.com/np/products/brand-shop?brandName=\",\"coupangSearchUrl\":\"//www.coupang.com/np/search?channel=user\u0026eventCategory=GNB\u0026eventLabel=search\u0026q=\",\"createCheckoutUrl\":\"/www.coupang.com/createCheckout.pang\",\"cartHost\":\"cart.coupang.com\",\"checkoutHost\":\"checkout.coupang.com\",\"loginHost\":\"login.coupang.com\",\"loyaltySignupUrl\":\"//loyalty.coupang.com/loyalty/sign-up/intro\",\"loyaltySignupMobileUrl\":\"//loyalty.coupang.com/m/loyalty/sign-up/intro\",\"seoHomeUrl\":\"https://www.coupang.com\",\"seoLocale\":\"ko_KR\",\"reviewWritableUrl\":\"https://my.coupang.com/productreview/reviewable\",\"contactInquiryLink\":\"https://mc.coupang.com/ssr/desktop/contact/inquiry\",\"contactVocLink\":\"https://mc.coupang.com/ssr/desktop/contact/voc\",\"productReportLink\":\"https://www.coupang.com/np/productreport/receipt\",\"recoWidgetLink\":\"https://reco.coupang.com/recommend/widget\",\"certificationUrl\":\"http://www.fcsc.kr/B/fu_b_06.jsp\",\"notAllowReviewOperationMarket\":[],\"adjustFontSize\":0,\"sdpPath\":\"/vp/products\",\"unknowImage\":\"//img1a.coupangcdn.com/image/dragonstone/sdp/invalid_unknown_default_170217.png\",\"throttlingImage\":\"//img1a.coupangcdn.com/image/dragonstone/sdp/invalid_unknown_promotion_throttling.png\"},\"messages\":{\"name\":\"kr\",\"region_locale\":\"kr_ko-KR\",\"currency\":\"{val,number, ::.00}원\",\"currency.string\":\"{val}원\",\"currency.string.with.tag\":\"\u003cspan\u003e{val}\u003c/span\u003e원\",\"currency.string.strong\":\"{val}\u003cstrong\u003e원\u003c/strong\u003e\",\"currency.string.instant.option\":\"{val}원\",\"trans\":\"kr \u003citalic\u003ebeautiful\u003c/italic\u003e \u003cbold\u003e{what}\u003c/bold\u003e\",\"coupang.home\":\"쿠팡 홈\",\"coupang.web.1aacb5\":\"확인\",\"coupang.web.sdp.modal.ce.title\":\"해외배송 상품의 구매 가능 수량을 초과했습니다\",\"coupang.web.sdp.modal.ce.content1\":\"관세법에 따라 1인당 구매 가능 수량이 제한된 품목입니다. 수량을 변경해주세요.\",\"coupang.web.sdp.modal.ce.content2\":\"- 가전/디지털: 모델 당 1일 최대 1개 \u003cbr /\u003e(수량 제한은 타사에서 해외배송으로 구매한 상품을 합산하여 적용함)\",\"coupang.web.a4796a\":\"죄송합니다. 등록에 실패하셨습니다. 다시 시도해 주세요.\",\"coupang.web.iphone.preorder.oos.popup.title\":\"상품이 일시 품절되었습니다\",\"coupang.web.iphone.preorder.oos.popup.content\":\"구매하시려는 상품의 재고가 소진되었습니다. 구매 가능한 \u003cbr /\u003e옵션 확인 후 다시 주문해주세요.\",\"coupang.web.iphone.preorder.oos.popup.button\":\"다른 옵션 보기\",\"coupang.web.f308e6\":\"C.에비뉴 badge\",\"coupang.web.e9b8f8\":\"쿠팡이 엄선한 브랜드 편집샵 상품\u003cbr /\u003e✓품질인증  ✓무료배송  ✓무료반품\",\"coupang.web.sdp.coupick.badge.popup.title\":\"쿠팡 추천\",\"coupang.web.sdp.coupick.badge.popup.section1.content\":\"쿠팡은 고객 선호도, 구매 관련 이력, 상품 특성 등을 종합적으로 고려해 고객이 선호할 가능성이 높은 상품을 추천합니다.\",\"coupang.web.sdp.coupick.badge.popup.section2.title\":\"고객 선호도\",\"coupang.web.sdp.coupick.badge.popup.section2.content\":\"상품에 대한 고객 평가 등\",\"coupang.web.sdp.coupick.badge.popup.section3.title\":\"구매 관련 이력\",\"coupang.web.sdp.coupick.badge.popup.section3.content\":\"상품과 관련된 고객의 구매 활동 등\",\"coupang.web.sdp.coupick.badge.popup.section4.title\":\"상품 특성\",\"coupang.web.sdp.coupick.badge.popup.section4.content\":\"새 상품 여부, 재고 유무 등\",\"coupang.web.sdp.popup.prices.wow.illustrate\":\"*할인율은 배송비를 제외한 상품 가격을 기준으로 적용됩니다.\",\"coupang.web.sdp.coupick.badge.popup.section5.content\":\"이 밖에 '쿠팡추천'에는 고객의 편의 및 만족도 향상을 위한 추가적인 요소가 수시로 반영될 수 있습니다.\",\"coupang.web.sdp.atf.option_table.popup.title\":\"옵션 선택\",\"coupang.web.sdp.atf.option_table.popup.option.restock.done\":\"알림신청 완료\",\"coupang.web.sdp.atf.option_table.popup.option.restock\":\"재입고 알림신청\",\"coupang.web.sdp.atf.option_table.tabs.chip.expand\":\"더보기\",\"coupang.web.sdp.atf.option_table.tabs.chip.collapse\":\"접기\",\"coupang.web.sdp.delivery.fee.price.prefix\":\"배송비\",\"coupang.web.sdp.delivery.fee.free\":\"무료배송\",\"coupang.web.cbb288\":\"쿠팡 홈\",\"coupang.web.sdp.freebie.section.header1\":\"사은품\",\"coupang.web.sdp.freebie.section.header2\":\"혜택\",\"coupang.web.sdp.freebie.section.promotionLink\":\"자세히보기\",\"coupang.web.sdp.freebie.popup.header\":\"사은품 혜택\",\"coupang.web.sdp.freebie.popup.title1\":\"이상 구매 시\",\"coupang.web.sdp.freebie.popup.title2\":\"증정\",\"coupang.web.sdp.freebie.popup.desc.daterange\":\"행사 기간: {startMonth}월 {startDay}일~{endMonth}월 {endDay}일\",\"coupang.web.sdp.freebie.popup.desc1.qty\":\"상품 1개당 사은품 1회 증정\",\"coupang.web.sdp.freebie.popup.desc1.cart\":\"계정당 1일 1회 증정 (24시간 내 중복 증정 불가)\",\"coupang.web.sdp.freebie.popup.desc2\":\"재고 소진 시 마감될 수 있습니다.\",\"coupang.web.sdp.freebie.popup.desc3\":\"사은품 구성은 예고 없이 변경될 수 있습니다.\",\"coupang.web.sdp.freebie.popup.desc4\":\"반품 시 사은품을 함께 반납해야 환불 처리됩니다.\",\"coupang.web.sdp.freebie.popup.desc5\":\"자세한 내용은 이벤트 페이지를 참고해주세요.\",\"coupang.web.sdp.freebie.header\":\"사은품 혜택\",\"coupang.web.sdp.freebie.header.multiple\":\"사은품 {count}종 혜택\",\"coupang.web.sdp.freebie.header.multiplePromotions\":\"사은품 증정 행사\",\"coupang.web.sdp.freebie.seeMore\":\"자세히\",\"coupang.web.sdp.freebie.popup.threshold\":\"\u003cstrong\u003e{threshold}\u003c/strong\u003e 이상 구매 시\",\"coupang.web.sdp.freebie.promotions.hint\":\"*각 사은품 혜택은 중복 적용이 가능함\",\"coupang.web.sdp.freebie.popup.promotion.hint\":\"각 사은품 혜택은 중복 적용이 가능합니다.\",\"coupang.web.sdp.freebie.popup.promotionLink\":\"행사 상품 보기\",\"coupang.web.sdp.freebie.popup.promotion.product\":\"제품\",\"coupang.web.sdp.freebie.popup.promotion.period\":\"기간\",\"coupang.web.sdp.freebie.popup.promotion.condition\":\"조건\",\"coupang.web.03e87e\":\"개 상품평\",\"prod.fav.tips.text\":\"마이쿠팡 \u003e 찜 리스트에 저장했습니다\",\"coupang.web.6f8b20\":\"twitter 공유하기\",\"coupang.web.9b1901\":\"mail 보내기\",\"sdp.atf.brandOptionItem.almostSoldOutText\":\"품절임박 ({inventory}개 남음)\",\"coupang.web.b0f9e3\":\"일시품절\",\"coupang.web.b3c3a4\":\"마감\",\"coupang.web.8b407f\":\"품절\",\"coupang.web.9374b1\":\"정기배송\",\"coupang.web.45e3be\":\"사전예약 종료\",\"sdp.front.ui.2f8fa6\":\"상세이미지\",\"coupang.web.brand.name\":\"브랜드\",\"coupang.web.61ad47\":\"선택하신 {param1} 은(는) 없습니다\",\"coupang.web.b4e75f\":\"선택하신 {param1} 에는 없는 {param2}입니다\",\"coupang.web.0ba038\":\"쿠폰받기\",\"coupang.web.cec30c\":\"카드 혜택\",\"coupang.web.1e8c10\":\"닫기\",\"coupang.web.8f3a06\":\"와우전용\",\"coupang.web.9caeb3\":\"상세보기\",\"coupang.web.sdp.ccid.price.detail.list.title\":\"카드할인\",\"coupang.web.sdp.ccid.price.detail.button\":\"자세히보기\",\"coupang.web.sdp.preorder.title\":\"사전예약 상품\",\"coupang.web.9c512b\":\"사전예약 상품은 예약 구매 후 도착\",\"coupang.web.89404f\":\"예정일에 수령하는 상품입니다.\",\"coupang.web.b75743\":\"+2일 안내\",\"coupang.web.9b287f\":\"품절임박 ({inventory}개 남음)\",\"coupang.web.sdp.delivery.fee.included\":\"배송비 포함됨\",\"coupang.web.1a80d4\":\"무료배송\",\"coupang.web.cf89d8\":\"로켓설치 서비스 안내\",\"coupang.web.490680\":\"로켓와우 멤버십\",\"coupang.web.sdp.atf.price.delivery_fee_popup.title\":\"배송비 안내\",\"coupang.web.post.coupon.recieve\":\"받기\",\"pc.frontend.wowbenefit.message.prefix\":\"고객님은\",\"pc.frontend.wowbenefit.message.suffix\":\"으로\",\"pc.frontend.delivery.fresh\":\"로켓프레시 구매가능\",\"pc.frontend.delivery.free\":\"무조건 무료배송\",\"pc.frontend.delivery.free.limited\":\"무조건 무료배송 (기간한정)\",\"pc.frontend.delivery.freereturn\":\"무료반품\",\"pc.frontend.delivery.sameday\":\"오늘도착\",\"pc.frontend.delivery.dawn\":\"새벽도착\",\"pc.backend.interfaces.delivery_method_sequencial\":\"순차배송\",\"pc.backend.interfaces.delivery.method.vendor.direct\":\"업체직송\",\"pc.backend.interfaces.delivery.method.instructure\":\"설치배송\",\"pc.backend.interfaces.delivery.method.make.order.direct\":\"주문제작(업체직송)\",\"pc.backend.product.review.disclaimer\":\"동일한 상품에 대해 작성된 상품평으로, 판매자는 다를 수 있습니다.\",\"coupang.web.b38764\":\"와우회원\",\"coupang.web.sdp.get.coupon\":\"다운받기\",\"coupang.web.sdp.get.coupon.done\":\"다운완료\",\"coupang.web.sdp.instant.option.title\":\"다른 구성 보기\",\"coupang.web.sdp.instant.option.purchasable\":\"구매 가능한 구성으로 변경됨\",\"coupang.web.sdp.instant.option.noneligible\":\"가능한 조합보기\",\"coupang.web.sdp.instant.option.soldout\":\"일시품절\",\"coupang.web.sdp.instant.option.soldout.3p\":\"품절\",\"coupang.web.5ad668\":\"자세히 알아보기\",\"coupang.web.e1b002\":\"최저\",\"coupang.web.sdp.delivery.fee.popup.price\":\"상품 가격\",\"coupang.web.sdp.delivery.fee.popup.shippingFee\":\"배송비\",\"coupang.web.sdp.delivery.fee.popup.finalPrice\":\"배송비 포함가\",\"coupang.web.sdp.delivery.fee.popup.conditional\":\"조건부 무료배송\",\"coupang.web.02ae35\":\"장바구니 담기\",\"coupang.web.baa51a\":\"바로구매\",\"coupang.web.95296f\":\"재입고 알림신청\",\"coupang.web.687dc8\":\"재입고 알림신청 완료\",\"coupang.web.a1a45b\":\"재입고 시 회원님의 이메일로 알림이 발송됩니다.\",\"coupang.web.df08f3\":\"정기배송 장바구니 담기\",\"coupang.web.iphone.preorder.purchase.button.label.oos\":\"일시 품절\",\"coupang.web.iphone.preorder.purchase.button.label.normal\":\"바로 예약구매\",\"coupang.web.post.coupon.btn.wow\":\"로켓와우 무료 체험하기\",\"coupang.web.post.coupon.btn.withdraw\":\"와우 멤버십으로 할인받기\",\"pc.backend.interfaces.issue.report.default.uihtmltext\":\"상세페이지의 어느 부분인가요?\",\"pc.backend.interfaces.issue.report.brand.uihtmltext\":\"브랜드\",\"pc.backend.interfaces.issue.report.image.uihtmltext\":\"대표이미지 \u003cem\u003e(상단 상품이미지)\u003c/em\u003e\",\"pc.backend.interfaces.issue.report.title.uihtmltext\":\"상품명\",\"pc.backend.interfaces.issue.report.category.uihtmltext\":\"카테고리 \u003cem\u003e(식품/뷰티/주방용품 등)\u003c/em\u003e\",\"pc.backend.interfaces.issue.report.attribute.uihtmltext\":\"구매옵션 \u003cem\u003e(용량/수량/사이즈/색상 등)\u003c/em\u003e\",\"pc.backend.interfaces.issue.report.content.detail.uihtmltext\":\"상품상세 \u003cem\u003e(하단 상품의 특장점을 소개하는 글과 이미지)\u003c/em\u003e\",\"pc.backend.interfaces.issue.report.etc.uihtmltext\":\"기타\",\"coupang.web.ce14f5\":\"쿠팡안심케어가 적용된 상품은 한 번에 1개까지 구매할 수 있습니다.\",\"coupang.web.sdp.handyman.guarantee\":\"쿠팡 무상 A/S 상품\",\"coupang.web.sdp.handyman.warranty1\":\"이 상품은 {warranty}개월 무상수리를 지원합니다.\",\"coupang.web.sdp.handyman.popup.title\":\"쿠팡 무상 A/S 보증 상품 안내\",\"coupang.web.sdp.handyman.popup.txt1\":\"본 상품은 품질보증기한 내 무상 A/S가 제공됩니다. (단, 고객 과실이나 점검 내용 등에 따라 별도의 수리비 또는 부품비, 출장비 등이 발생될 수 있습니다.)\",\"coupang.web.sdp.handyman.popup.txt2\":\"쿠팡 무상 A/S 상품은 쿠팡앱을 통한 A/S 접수가 가능합니다.\",\"coupang.web.sdp.handyman.jikgu1p.guarantee\":\"로켓직구 무상보증 상품\",\"coupang.web.sdp.handyman.jikgu1p.popup.title\":\"쿠팡 로켓직구 무상보증 상품 안내\",\"coupang.web.sdp.handyman.jikgu1p.popup.txt1\":\"본 상품은 구매일로부터 1년 내 제품에 이상이 있을 경우, 무상 점검 및 교환 서비스를 지원합니다. (단, 고객과실이나 점검 내용 등에 따라 무상보증 혜택을 받지 못 할 수 있습니다.)\",\"coupang.web.sdp.handyman.jikgu1p.popup.txt2\":\"로켓직구 무상보증 접수는 전화 문의를 통해 가능합니다 (전담 CS팀: 1577-2420)\",\"coupang.web.sdp.handyman.jikgu1p.warranty1\":\"이 상품은 구매일로부터 1년 동안 로켓직구 무상보증 서비스를 지원합니다.\",\"coupang.web.sdp.2line\":\"쿠폰할인\",\"coupang.web.rlux.sdp.benefitTable.finalPrice\":\"최종 구매 금액\",\"coupang.web.fdb83d\":\"쿠폰할인가\",\"coupang.web.sdp.cashRewordTitle\":\"와우회원 추가 혜택\",\"coupang.web.sdp.cashRewordcontent1\":\"쿠팡판매가의\",\"coupang.web.sdp.cashRewordcontent2\":\"를 적립해 드립니다.\",\"coupang.web.sdp.cashRewordcontent3\":\"추가 혜택으로 적립되는 쿠팡캐시는 무상으로 제공됩니다.\",\"coupang.web.sdp.cashRewordcontent4\":\"적립 혜택은 배송 완료 7일 후 반영되며 구매를 취소할 경우 적립금은 회수됩니다.\",\"coupang.web.sdp.cashRewordcontent5\":\"유효 기간은 적립일로부터 6개월이며 현금영수증 발급이 불가합니다.\",\"coupang.web.sdp.cashRewordcontent6\":\"추가 쿠팡캐시 적립은 특정 기간 동안만 적용될 수 있으며 기간 종료, 예산 소진 등 별도 고지 없이 종료되거나 변경될 수 있습니다.\",\"coupang.web.sdp.cashRewordcontent7.rlux\":\"R.LUX 캐시 적립 상품 구매 시 쿠팡판매가의 {val}%를 적립해 드립니다.\",\"coupang.web.sdp.cashRewordcontent7.rlux.v2\":\"와우 멤버십 회원은 R.LUX 뷰티 상품 구매 시 R.LUX판매가의 {val}%를 쿠팡캐시로 적립해 드립니다.\",\"coupang.web.sdp.cashRewordcontent7\":\"로켓럭셔리 캐시 적립 상품 구매 시 쿠팡판매가의 {val}%를 적립해 드립니다.\",\"coupang.web.sdp.cashRewordcontent8\":\"적립 한도: 구매일 기준 일 최대 15만원\",\"coupang.web.sdp.cashRewordcontent9\":\"유의사항\",\"coupang.web.sdp.cashRewordcontent10.rlux\":\"R.LUX 상품 구매로 적립되는 쿠팡캐시는 무상으로 제공됩니다. 유효 기간은 적립일로부터 6개월이며, 현금영수증 발급이 불가합니다.\",\"coupang.web.sdp.cashRewordcontent10\":\"로켓럭셔리 상품 구매로 적립되는 쿠팡캐시는 무상으로 제공됩니다. 유효 기간은 적립일로부터 6개월이며, 현금영수증 발급이 불가합니다.\",\"coupang.web.sdp.cashRewordcontent11\":\"적립 혜택은 배송 완료 7일 후 반영되며, 구매를 취소할 경우 적립금은 회수됩니다.\",\"coupang.web.sdp.cashRewordcontent12\":\"본 혜택은 기간 종료, 예산 소진 등으로 별도 고지 없이 종료되거나 변경될 수 있습니다.\",\"coupang.web.seo.sdp.linking.module.title\":\"이 상품과 관련된 카테고리\",\"coupang.web.seo.whitelisted.srp.linking.module.title\":\"고객님이 좋아할만한 상품\",\"coupang.web.seo.related.sdp.linking.module.title\":\"연관 추천 상품\",\"coupang.web.sdp.cashbackSummary.title\":\"적립\",\"coupang.web.sdp.cashbackSummary.amount\":\"최대 {amount}원\",\"coupang.web.sdp.cashbackSummary.button.popup\":\"쿠팡캐시 적립\",\"coupang.web.sdp.cashbackSummary.condition\":\"쿠페이 머니 결제시\",\"coupang.web.sdp.cashbackSummary.amount.basic\":\"구매 시 기본 적립 \u003cstrong\u003e{amount}원\u003c/strong\u003e\",\"coupang.web.sdp.cashbackSummary.amount.coupay\":\"쿠페이 머니 결제 시 적립 \u003cstrong\u003e{amount}원\u003c/strong\u003e\",\"coupang.web.sdp.cashbackSummary.popup.notice.item1\":\"* 캐시적립 혜택은 배송 완료 7일 후 반영됩니다.\",\"coupang.web.sdp.cashbackSummary.popup.notice.item2\":\"* 각 혜택 별로 중복 적용이 가능합니다.\",\"coupang.web.sdp.cashbackSummary.popup.notice.item3\":\"* 쿠팡캐시를 사용해 결제한 금액은 캐시적립 혜택에서 제외됩니다.\",\"coupang.web.sdp.cashbackSummary.popup.notice.item4\":\"* 쿠페이 머니 결제는 200만원을 초과하는 상품에 대해서는 불가합니다.\",\"coupang.web.sdp.cashbackSummary.popup.notice.item5\":\"* 구매 시 적립되는 기본 쿠팡캐시의 유효기간은 6개월 입니다.\",\"coupang.web.sdp.cashbackSummary.popup.notice.item6\":\"* 쿠팡캐시 지급 프로모션은 일부 고객에게만 제공될 수 있으며, 기간 종료, 예산 소진 등으로 별도 고지 없이 종료되거나 변경될 수 있습니다.\",\"coupang.web.sdp.cashbackSummary.popup.notice.item7\":\"* 구매 시 적립되는 쿠팡캐시는 무상으로 제공되며, 현금영수증 발급이 불가합니다.\",\"coupang.web.sdp.cashbackSummary.popup.basic.text\":\"구매 시 기본 적립\",\"coupang.web.sdp.cashbackSummary.popup.coupay.basic.text\":\"쿠페이 머니 결제 시 {rate}%\",\"coupang.web.sdp.cashbackSummary.popup.coupay.basic.validity\":\"(월 최대 1만원)\",\"coupang.web.sdp.cashbackSummary.popup.coupay.bank.text\":\"\u003cstrong\u003e와우 멤버십\u003c/strong\u003e + 쿠페이 계좌이체 결제 시 {rate}%\",\"coupang.web.sdp.cashbackSummary.popup.coupay.bank.validity\":\"(첫 30일 동안, 월 최대 2만원)\",\"coupang.web.sdp.cashbackSummary.popup.coupay.money.text\":\"\u003cstrong\u003e와우 멤버십\u003c/strong\u003e  + 쿠페이 머니 결제 시 추가 {rate}%\",\"coupang.web.sdp.cashbackSummary.popup.coupay.money.validity\":\"(첫 30일 동안, 월 최대 4만원)\",\"coupang.web.4b2946\":\"기본 혜택\",\"coupang.web.sdp.cashbackSummary.popup.coupay.title\":\"결제 혜택\",\"coupang.web.sdp.cashbackSummary.button.wow\":\"혜택보기\",\"coupang.web.e96f2d\":\"상품이 장바구니에 담겼습니다.\",\"coupang.web.3da2e0\":\"장바구니 바로가기 \u003e\",\"coupang.web.b1d460\":\"선택한 상품이 일시품절 되었습니다.\",\"coupang.web.d43b1e\":\"보험이 적용된 상품은 한 번에 1개까지 구매할 수 있습니다.\",\"coupang.web.bbdb96\":\"선택하신 상품을 담으려면 이전에 담은 상품을 삭제 후 다시 시도해 주세요.\",\"coupang.web.96fd28\":\"로켓와우\",\"coupang.web.5f7990\":\"택배사:\",\"coupang.web.7a24ee\":\"더 알아보기\",\"coupang.web.81f489\":\"묶음배송 상품보기\",\"coupang.web.fe6923\":\"수량빼기\",\"coupang.web.7b08f9\":\"수량더하기\",\"coupang.web.4ce5e4\":\"선택 가능한 수량은 {quantity}개입니다.\",\"coupang.web.sdp.quantity.health\":\"1일 최대 {quantity}개까지 구매할 수 있습니다.\",\"coupang.web.sdp.quantity.ce\":\"모델 당 1일 최대 1개까지 구매할 수 있습니다.\",\"coupang.web.8259f9\":\"새로고침\",\"coupang.web.f4835d\":\"배송일정 재확인이 필요합니다.\",\"coupang.web.sdp.install.preorder.message\":\"사전예약 상품의 설치일은 사전 협의 후 변경될 수 있습니다.\",\"coupang.web.sdp.handyman.popup.txt3\":\"A/S는 제조사의 위탁을 받은 쿠팡로지스틱스서비스(CLS)가 수행합니다\",\"coupang.web.46603a\":\"판매자:\",\"coupang.web.b822dc\":\"공급자:\",\"coupang.web.sellerStore.desc\":\"건의 평가\",\"coupang.web.e7bc91\":\"다른 판매자 보기\",\"coupang.web.413d52\":\"선택한 상품의 다른 판매자\",\"coupang.web.844cf6\":\"상품가\",\"coupang.web.f56fb6\":\"배송일\",\"coupang.web.8dda8d\":\"판매자\",\"coupang.web.b1d043\":\"묶음배송 가능한 상품\",\"coupang.web.421a0a\":\"전체보기 \u003e\",\"coupang.web.c19fd6\":\"원\",\"coupang.web.c764c2\":\"이전 상품 보기\",\"coupang.web.2cdbdd\":\"다음 상품 보기\",\"coupang.web.79dfe4\":\"상품정보 접기\",\"coupang.web.89952e\":\"상품정보 더보기\",\"coupang.web.d5776b\":\"\u003cstrong\u003e{count}\u003c/strong\u003e 명에게 도움 됨\",\"coupang.web.92e056\":\"이 상품평이 도움 되었나요?\",\"coupang.web.3e86ff\":\"도움이 돼요\",\"coupang.web.310512\":\"도움 안 돼요\",\"coupang.web.e0b783\":\"신고하기\",\"coupang.web.fda722\":\"등록된 상품평이 없습니다.\",\"coupang.web.c9ec14\":\"판매자가 현금거래를 요구하면 거부하시고 즉시 사기 거래 신고센터 (1670-9832)에 신고하시기 바랍니다.\",\"coupang.web.c9ec13\":\"판매자가 현금거래를 요구하면 거부하시고 즉시 사기 거래 신고센터 (02-2621-4699)에 신고하시기 바랍니다.\",\"coupang.web.f85080\":\"필수 표기 정보\",\"coupang.web.d7bc41\":\"필수 표기 정보 더보기\",\"coupang.web.6e50be\":\"더보기\",\"coupang.web.554c11\":\"배송정보\",\"coupang.web.ab04a9\":\"배송방법\",\"coupang.web.9cb6ab\":\"배송사\",\"coupang.web.9062cc\":\"배송비\",\"coupang.web.afd208\":\"묶음배송 여부\",\"coupang.web.2f6b5f\":\"배송기간\",\"coupang.web.c3d3c9\":\"ㆍ주문 시 배송요청일 선택 가능\",\"coupang.web.370891\":\"ㆍ쿠팡친구 배송 지역 : 주문 및 결제 완료 후, 1-2일 이내 도착\",\"coupang.web.aa384c\":\"ㆍ쿠팡친구 미배송 지역 : 주문 및 결제 완료 후, 2-3일 이내 도착\",\"coupang.web.12955f\":\"- 도서 산간 지역 등은 1~7일 더 소요될 수 있습니다.\",\"coupang.web.a20f2d\":\"- 도서 산간 지역 등은 하루가 더 소요될 수 있습니다. 곧 고객님께도 쿠팡친구가 찾아갈 수 있도록 노력하겠습니다\",\"coupang.web.eda784\":\"ㆍ천재지변, 물량 수급 변동 등 예외적인 사유 발생 시, 다소 지연될 수 있는 점 양해 부탁드립니다.\",\"coupang.web.6d5534\":\"교환/반품 안내\",\"coupang.web.483056\":\"교환/반품 비용\",\"coupang.web.0e2708\":\"교환/반품 신청 기준일\",\"coupang.web.d0e711\":\"ㆍ단순변심에 의한 로켓배송 상품의 교환/반품은 제품 수령 후 30일 이내까지만 가능 (교환/반품비용 고객부담)\",\"coupang.web.6998a0\":\"ㆍ상품의 내용이 표시·광고의 내용과 다른 경우에는 상품을 수령한 날부터 3개월 이내, 그 사실을 안 날 또는 알 수 있었던 날부터\",\"coupang.web.c8bcad\":\"30일 이내에 청약철회 가능\",\"coupang.web.b98a58\":\"ㆍ단순변심에 의한 교환/반품은 제품 수령 후 7일이내까지만 가능 (배송비용과 교환/반품비용 왕복배송비 고객부담)\",\"coupang.web.4142a5\":\"교환/반품 제한사항\",\"coupang.web.db36cc\":\"ㆍ주문/제작 상품의 경우, 상품의 제작이 이미 진행된 경우\",\"coupang.web.2182fa\":\"ㆍ고객의 사용, 시간경과, 일부 소비에 의하여 상품의 가치가 현저히 감소한 경우\",\"coupang.web.721517\":\"ㆍ세트상품 일부 사용, 구성품을 분실하였거나 취급 부주의로 인한 파손/고장/오염으로 재판매 불가한 경우\",\"coupang.web.0b259e\":\"ㆍ모니터 해상도의 차이로 인해 색상이나 이미지가 실제와 달라, 고객이 단순 변심으로 교환/반품을 무료로 요청하는 경우\",\"coupang.web.3faa8f\":\"ㆍ제조사의 사정 (신모델 출시 등) 및 부품 가격 변동 등에 의해 무료 교환/반품으로 요청하는 경우\",\"coupang.web.404b2d\":\"※ 각 상품별로 아래와 같은 사유로 취소/반품이 제한될 수 있습니다.\",\"coupang.web.438800\":\"의류/잡화/수입명품\",\"coupang.web.customer.cancellation.return.restrictions.wording\":\"⋅ 상품의 택(TAG) 및 라벨의 멸실 또는 훼손, 상품의 사용 또는 훼손, 구성품 누락으로 상품의 가치가 현저히 감소된 경우\",\"coupang.web.ce4801\":\"계절상품/식품/화장품\",\"coupang.web.1b5515\":\"ㆍ신선/냉장/냉동 상품의 단순변심의 경우\",\"coupang.web.e84cb1\":\"ㆍ뷰티 상품 이용 시 트러블(알러지, 붉은 반점, 가려움, 따가움)이 발생하는 경우,\",\"coupang.web.a7c4d8\":\"진료 확인서 및 소견서 등을 증빙하면 환불이 가능 (제반비용 고객부담)\",\"coupang.web.78bfbb\":\"전자/가전/설치상품\",\"coupang.web.506aa4\":\"ㆍ전자제품의 특성 상 본품 박스를 개봉한 경우\",\"coupang.web.76b2f0\":\"ㆍ설치 또는 사용하여 재판매가 어려운 경우\",\"coupang.web.5230cc\":\"ㆍ상품의 시리얼 넘버 유출로 내장된 소프트웨어의 가치가 감소한 경우 (내비게이션, OS시리얼이 적힌 PMP)\",\"coupang.web.8bc22f\":\"ㆍ홀로그램 등을 분리, 분실, 훼손하여 상품의 가치가 현저히 감소하여 재판매가 불가할 경우 (노트북, 데스크탑 PC 등)\",\"coupang.web.50923f\":\"자동차용품\",\"coupang.web.578bba\":\"ㆍ상품을 개봉하여 장착한 이후 단순변심인 경우\",\"coupang.web.8f33cc\":\"ㆍ복제가 가능한 상품의 포장 등을 훼손한 경우\",\"coupang.web.3942f0\":\"판매자 정보\",\"coupang.web.300ad7\":\"상호/대표자\",\"coupang.web.0e55a6\":\"사업장 소재지\",\"coupang.web.67c1e9\":\"연락처\",\"coupang.web.82b703\":\"통신판매업 신고번호\",\"coupang.web.7b3d2b\":\"사업자번호\",\"coupang.web.432e8a\":\"구매안전 서비스\",\"coupang.web.be5526\":\"서비스 가입사실 확인 \u003e\",\"coupang.web.f22c44\":\"본 판매자는 고객님의 안전거래를 위해 관련 법률에 의거하여 쿠팡페이의 구매안전서비스를 적용하고 있습니다.\",\"coupang.web.4dcea1\":\"미성년자가 체결한 계약은 법정대리인이 동의하지 않는 경우 본인 또는 법정대리인이 취소할 수 있습니다. 쿠팡은 통신판매중개자로서 통신판매의 당사자가 아니며, 광고, 상품 주문, 배송 및 환불의 의무와 책임은 각 판매자에 있습니다.\",\"coupang.web.fd2094\":\"상호\",\"coupang.web.139d1a\":\"미성년자가 체결한 계약은 법정대리인이 동의하지 않는 경우 본인 또는 법정대리인이 취소할 수 있습니다.\",\"coupang.web.0022b1\":\"쿠팡\",\"coupang.web.38af24\":\"상품인증정보\",\"coupang.web.cf878a\":\"- 서비스 이용 지역별 상이\",\"coupang.web.b2b4f5\":\"(단, 주문 시간별 도착 예정 시간은 지역 및 상황에 따라 변동될 수 있어, 정확한 정보는 결제 완료 시 안내되는 문구를 꼭 확인 부탁드립니다)\",\"coupang.web.390977\":\"- 새벽배송 가능 지역: 밤 12시까지 주문 시, 아침 7시전 도착\",\"coupang.web.a4b8ac\":\"- 천재지변, 물량 수급 변동 등 예외적인 사유 발생 시, 다소 지연될 수 있는 점 양해 부탁드립니다.\",\"coupang.web.79f9b5\":\"ㆍ단순변심에 의한 교환/반품은 제품 수령 후 7일 이내까지, 교환/반품 제한사항에 해당하지 않는 경우에만 가능 (배송비용과 교환/반품 비용 왕복배송비 고객부담)\",\"coupang.web.fa9e7a\":\"ㆍ단순변심에 의한 로켓배송 상품의 교환/반품은 제품 수령 후 30일 이내까지, 교환/반품 제한사항에 해당하지 않는 경우에만 가능\",\"coupang.web.return.policy.date.fresh\":\"※ 로켓프레시 상품의 경우 배송시작 후에는 취소가 불가하며, 배송완료 후 반품을 진행하실 수 있습니다. 단, 신선/냉장/냉동 상품의 단순변심의 경우 재판매가 불가한 상품의 특성 상 단순변심에 의한 반품이 제한됩니다.\",\"coupang.web.78d5a6\":\"ㆍ단순변심에 의한 로켓배송 상품의 교환/반품은 제품 수령 후 30일 이내까지, 교환/반품 제한사항에 해당하지 않는 경우에만 가능 (교환/반품 비용 고객부담)\",\"coupang.web.prod_delivery_policy_legal_1\":\"ㆍ교환/반품에 관한 일반적인 사항은 판매자가 제시사항보다 관계법령이 우선합니다.\",\"coupang.web.prod_delivery_policy_legal_2\":\"다만, 판매자의 제시사항이 관계법령보다 소비자에게 유리한 경우에는 판매자 제시사항이 적용됩니다.\",\"coupang.web.5df59b\":\"ㆍ상품 포장을 개봉하여 사용 또는 설치 완료되어 상품의 가치가 훼손된 경우 (단, 내용 확인을 위한 포장 개봉의 경우는 예외)\",\"coupang.web.b1436f\":\"(단, 주문 가능 및 도착 예정 시간은 상황에 따라 변동될 수 있어, 정확한 정보는 결제 완료 시 안내되는 문구를 꼭 확인 부탁드립니다)\",\"coupang.web.71gjf1\":\"미성년자가 체결한 계약은 법정대리인이 동의하지 않는 경우 본인 또는 법정대리인이 취소할 수 있습니다. 쿠팡은 통신판매중개자로서 통신판매의 당사자가 아니며, 광고, 고시정보, 상품 주문, 배송 및 환불의 의무와 책임은 각 판매자에 있습니다.\",\"coupang.web.771162\":\"(왕복비용)\",\"coupang.web.f2fd4a\":\"ㆍ해외배송 특성상, '상품준비중'단계 이후부터 교환/반품은 상품 수령 후 가능\",\"coupang.web.1b6228\":\"ㆍ제품 개봉 및 사용한 경우, 단순변심 및 고객실수로 인한 경우\",\"coupang.web.0ac651\":\"ㆍ배송 중 제품이 세관에 걸려있을 경우, 교환/반품 불가. 상품 수령 후 가능\",\"coupang.web.e2f264\":\"ㆍ해외 현지 사정이나 판매에 대한 가격 정책 등에 따라 제품의 가격 변동 사유로 인한 경우\",\"coupang.web.650fdd\":\"ㆍ뷰티 상품 이용 시, 트러블(알러지, 붉은 반점, 가려움, 따가움)이 발생하는 경우 진료 확인서 및 소견서 등을 증빙하면 환불가능 (제반비용 고객부담)\",\"coupang.web.d5e4cc\":\"ㆍ로켓직구는 해외판매자가 입점하여 상품을 고객에게 직접 배송하며, 쿠팡은 해외판매자와 고객 간의 거래를 위한 최소한의 서비스를 제공하며,\",\"coupang.web.2fba33\":\"해외업체가 등록한 상품에 대해서는 법적 책임을 지지 않습니다.상품에 오류가 있을 경우, 상품문의에 남겨주시면 신속히 확인/처리 하도록 하겠습니다.\",\"coupang.web.4cfbb0\":\"식품/세제/화장품\",\"coupang.web.ecdf8a\":\"ㆍ고객님의 사용, 시간경과, 일부 소비에 의하여 상품의 가치가 현저히 감소한 경우\",\"coupang.web.f1e215\":\"설치상품 및 자동차용품\",\"coupang.web.a64a40\":\"ㆍ상품을 개봉 후 단순변심으로 교환/반품을 요청하였으나, 사용감으로 재판매 불가한 경우\",\"coupang.web.8d2817\":\"ㆍ구매대행상품은 해외판매자가 입점하여 상품을 고객에게 직접 배송하며, 쿠팡은 해외판매자와 고객 간의 거래를 위한 최소한의 서비스를 제공하며,\",\"coupang.web.fa8b10\":\"해외업체가 등록한 상품에 대해서는 법적 책임을 지지 않습니 다. 상품에 오류가 있을 경우, 상품문의에 남겨주시면 신속히 확인/처리 하도록 하겠습니다.\",\"coupang.web.5e24a5\":\"상품의 택(TAG) 제거, 라벨 및 상품 훼손, 구성품 누락으로 상품의 가치가 현저히 감소된 경우\",\"coupang.web.f005b2\":\"ㆍ단순변심에 의한 상품의 교환/반품은 제품 수령 후 30일 이내까지, 교환/반품 제한사항에 해당하지 않는 경우에만 가능 (교환/반품 비용 고객부담)\",\"coupang.web.4501f5\":\"ㆍ도서산간 지역 등은 배송에 3-5일이 더 소요될 수 있습니다.\u003cbr/\u003e\u003cbr/\u003e \u0026nbsp;\u0026nbsp;- 천재지변, 물량 수급 변동 등 예외적인 사유 발생 시, 다소 지연될 수 있는 점 양해 부탁드립니다.\",\"coupang.web.db2cf9\":\"가격 안내\",\"coupang.web.customDueies.title\":\"관부가세 안내\",\"coupang.web.customDueies.content\":\"동일 통관 일자의 각 국가별 해외 배송 상품 구매 금액이 \u003cstrong\u003e총 USD 150을 넘는 경우\u003c/strong\u003e, 관부가세가 발생할 수 있습니다. (*통관 시점의 환율에 따라 실제 관부가세가 달라질 수 있습니다.주문 수/구매처 무관)\",\"coupang.web.customDueies.popup.title\":\"관부가세 안내\",\"coupang.web.customDueies.popup.content1\":\"동일 통관 일자의 각 국가별 해외 배송 상품 구매 금액이 \u003cstrong\u003e총 USD 150을 넘는 경우\u003c/strong\u003e, 관부가세가 발생할 수 있습니다. (*통관 시점의 환율에 따라 실제 관부가세가 달라질 수 있습니다.주문 수/구매처 무관)\",\"coupang.web.customDueies.popup.content2\":\"특히, \u003cstrong\u003e합산과세가 발생하는 경우를 주의\u003c/strong\u003e 부탁드리며, 원활한 \u003cstrong\u003e수입 통관을 위해 운송사가 고객님의 개인정보(주민번호 등)를 요청할 수 있습니다\u003c/strong\u003e.\",\"coupang.web.customDueies.popup.content3\":\"\u003cstrong\u003e합산과세란?\u003c/strong\u003e 해외직구로 구매한 복수의 물품이 \u003cstrong\u003e동일한 날짜\u003c/strong\u003e에 통관될 경우, 발송국가를 기준으로 별개의 과세단위를 서로 합하여 과세하는 것입니다. (주문 수/구매처 무관)\",\"coupang.web.customDueies.popup.content4\":\"수령인이 동일한 2건 이상의 물품이 같은 날짜에 통관이 진행되어 당일 관세신고 금액이 USD 150 기준을 초과하는 경우 (단, 서로 다른 국가에서 발송되었다면 제외)\",\"coupang.web.customDueies.popup.content5\":\"USD 150 이하의 상품을 복수 구매하여, 통관 시점 총 결제금액이 약 USD 150를 초과하는 경우 등\",\"coupang.web.customDueies.popup.content6\":\"교환으로 인한 재출고 상품도 합산 과세 대상이 됨\",\"coupang.web.customDueies.popup.content7\":\"** 미국 직구의 경우, 기본적으로 \u003cstrong\u003e총 결제금액 USD 200까지 무관세\u003c/strong\u003e이나, 일부 상품에 대해 USD 150 한도 적용.\",\"coupang.web.customDueies.popup.button\":\"확인\",\"coupang.web.customDueies.jikgu.popup.title\":\"관부가세 안내\",\"coupang.web.customDueies.jikgu.popup.content.txt1\":\"로켓직구 상품은 관부가세가 포함되어 통관 시 관부가세를 따로 지불하지 않아도 됩니다.\",\"coupang.web.customDueies.jikgu.popup.content.txt2\":\"\u003cstrong\u003e단, 쿠팡의 판매자 상품 주문일에 쿠팡 또는 타 사이트 동일 판매자에게 추가 주문해 총 구매 금액 150달러(미국발 200달러) 초과 시 합산 과세가 진행되며, 그 중 타 사이트에서 구매한 경우 관부가세가 부과될 수 있습니다.\u003c/strong\u003e(판매자명은 쿠팡 상품 상세 페이지에서 확인 가능)\",\"coupang.web.customDueies.jikgu.popup.content.txt3\":\"주문 후 관부가세 납부 안내를 받고 문의 사항이 있을 시 쿠팡 고객센터로 연락 부탁드립니다. (전화/채팅 문의)\",\"coupang.web.customDueies.jikgu.popup.content.txt4\":\"수하인의 성명과 전화번호가 관세청에 등록된 개인통관고유부호 발급정보(성명, 전화번호)와 일치하여야 통관이 가능합니다. 불일치 시 원활한 통관을 위해 관세사가 고객님의 개인정보를 요청할 수 있습니다.\",\"coupang.web.customDueies.jikgu.title\":\"모든 로켓직구 상품은 \u003cspan\u003e관부가세 포함가!\u003c/span\u003e\",\"coupang.web.customDueies.jikgu.content\":\"추가 비용 없이 해외 배송 상품을 구매하세요. (합산 과세는 제외)\",\"coupang.web.customDueies.cgf.popup.title\":\"해외 배송 상품 안내\",\"coupang.web.customDueies.cgf.popup.content.txt1\":\"이 상품은 해외에서 국내로 배송되어 통관 시 받는 사람의 개인통관고유부호가 필요하며, 정보가 정확하지 않을 경우 배송이 늦어질 수 있습니다.\",\"coupang.web.customDueies.cgf.popup.content.txt2\":\"통관 중 문제 발생 시 관세사가 개인정보를 요청할 수 있으므로 원활한 통관을 위해 연락 가능한 연락처를 입력해주세요.\",\"coupang.web.customDueies.cgf.popup.content.txt3\":\"관부가세 안내\",\"coupang.web.customDueies.cgf.popup.content.txt4\":\"관세청 '합산 과세 기준'에 따라 주문일 기준 동일 판매자에게 구매한 해외 배송 상품의 총 구매 금액이 국가별 면세 한도 초과 시 관부가세가 부과될 수 있습니다. (타 사이트 동일 판매자 주문 내역도 합산 과세 대상)\",\"coupang.web.customDueies.cgf.popup.content.txt5\":\"주문일 기준 국가별 수입 면세 한도\",\"coupang.web.customDueies.cgf.popup.content.txt6\":\"미국: 미화 $200 (식품, 건강식품, 뷰티, 전자기기 등 목록통관 예외 상품은 $150)\",\"coupang.web.customDueies.cgf.popup.content.txt7\":\"그 외 국가: 미화 $150\",\"coupang.web.customDueies.cgf.title\":\"해외 배송 상품 안내\",\"coupang.web.customDueies.cgf.body.txt1\":\"원활한 통관을 위해 \u003cstrong\u003e개인통관고유부호가\u003c/strong\u003e 필요합니다.\",\"coupang.web.customDueies.cgf.body.txt2\":\"주문일 기준 동일 판매자 총 구매 금액이 \u003cstrong\u003e면세 한도 초과 시 관부가세가 부과\u003c/strong\u003e될 수 있습니다.\",\"coupang.web.customDueies.button\":\"자세히보기\",\"coupang.web.5b4d0e\":\"상품상세\",\"coupang.web.c86a24\":\"상품평\",\"coupang.web.2f004b\":\"상품문의\",\"coupang.web.80e838\":\"배송/교환/반품 안내\",\"persistent.cart.total\":\"합계({total}):\",\"persistent.cart.button\":\"장바구니 가기\",\"seo.common.site.name\":\"쿠팡\",\"coupang.web.ca91a1\":\"중고 상품\",\"coupang.web.38c1b4\":\"가격\",\"coupang.web.4820e1\":\"상품 상태\",\"coupang.web.108850\":\"상세보기 \u003e\",\"coupang.web.0f3be8\":\"쿠폰 받기\",\"coupang.web.be2861\":\"선택하신 필터에 맞는 상품이 없습니다. 필터를 다시 선택해주세요.\",\"coupang.web.54c20c\":\"상세 이미지\",\"coupang.web.f8b6f5\":\"장바구니에 보험이 적용된 동일 상품이 있어 담을 수 없습니다.\",\"coupang.web.a84bb8\":\"현재 상품\",\"coupang.web.d883e4\":\"이 외에도 구매한 상품\",\"coupang.web.53b4e5\":\"다른 고객이 함께 구매한 상품\",\"coupang.web.406d92\":\"자세히보기 \u003e\",\"coupang.web.9c57a5\":\"별점 정보\",\"coupang.web.2b3149\":\"나쁨\",\"coupang.web.ebf90b\":\"별로\",\"coupang.web.666599\":\"보통\",\"coupang.web.4b15b4\":\"좋음\",\"coupang.web.97b8be\":\"최고\",\"coupang.web.08dcb9\":\"리뷰어 뱃지 안내\",\"coupang.web.dcdfdc\":\"[뱃지 안내]\",\"coupang.web.48a9e1\":\"리뷰어 뱃지는 다른 고객에게 자신을 나타낼 수 있는 도구입니다.\",\"coupang.web.410cbd\":\"쿠팡에서 신뢰도 높은 상품평을 작성해주시면 얻을 수 있으며, 이름 또는 닉네임 옆에 최대 2개가 노출됩니다.\",\"coupang.web.242a16\":\"어떤 종류는 리뷰어 순위 변동에 따라 다른 고객에게 넘어갈 수도 있고, 특정 상황에서는 뱃지가 노출 안 될 수도 있습니다.\",\"coupang.web.839463\":\"2개 이상을 획득했을 경우 대표 뱃지가 우선적으로 보여집니다.\",\"coupang.web.92970a\":\"[뱃지 종류]\",\"coupang.web.45deef\":\"TOP 리뷰어\",\"coupang.web.eedf17\":\"본 뱃지는 쿠팡 전체 고객 대상으로 상품평 활동량에 따라 순위 결정 후 부여 되며, 주기적으로 업데이트 합니다.\",\"coupang.web.a58314\":\"현재 TOP 1, 10, 50, 100, 500, 1000 리뷰어 뱃지가 있습니다.\",\"coupang.web.f4f3fe\":\"카테고리 TOP\",\"coupang.web.e02cf0\":\"각 카테고리 내에서 신뢰도 높은 상품평 활동을 한 최상위 100명에게 부여됩니다.\",\"coupang.web.f9b4de\":\"TOP 리뷰어가 아닌 고객도 카테고리 TOP 뱃지를 얻을 수도 있습니다.\",\"coupang.web.638acd\":\"실명 리뷰어\",\"coupang.web.2982cd\":\"실명을 사용하면 작성하신 상품평에 대한 신뢰도가 높아집니다.\",\"coupang.web.02ae16\":\"마스킹 처리된 이름이나 닉네임이 아닌, 실명을 사용하는 리뷰어에게 이 특별한 뱃지가 주어집니다.\",\"coupang.web.4ab89a\":\"상품평 설정 페이지에서 실명 공개 동의를 하시면 바로 뱃지를 얻을 수 있습니다.\",\"coupang.web.c2cecd\":\"쿠팡체험단\",\"coupang.web.821980\":\"쿠팡체험단에 초대 되신 고객이 상세한 상품평을 작성하면 쿠팡체험단 뱃지가 발급됩니다.\",\"coupang.web.a62775\":\"※ 리뷰어 뱃지는 다른 고객에게 자신을 나타낼 수 있는 도구이며, 활동량과 자격에 따라 자동으로 부여됩니다.\",\"coupang.web.47ab89\":\"신뢰도 높은 상품평을 작성하면 평가 및 활동량에 따라 뱃지가 부여되고, 기준은 주기적으로 업데이트 됩니다.\",\"coupang.web.7a55be\":\"실명을 사용하면 작성하신 상품평에 대한 신뢰도가 높아집니다. 상품평 설정 메뉴에서 실명 공개 동의를 하면 바로 뱃지를 얻을 수 있습니다.\",\"coupang.web.106b73\":\"쿠팡체험단 안내\",\"coupang.web.a98303\":\"쿠팡체험단 안내 본문\",\"coupang.web.ace61a\":\"쿠팡체험단 안내 본문 이미지\",\"coupang.web.97e9d9\":\"\\\"※ 상품평 운영원칙 및 관련 법령에 위반되는 경우에는 해당 \\\"상품평\\\"에 대해 임시 대처, 비공개, 삭제 등의 필요한 조치가 취해질 수 있습니다.\\\"\",\"coupang.web.99c71f\":\"1. 작성한 글은 개인의 의견이므로 게시된 내용에 대한 모든 책임은 작성자에게 있습니다\",\"coupang.web.f148df\":\"2. 상품평은 상품의 사용 관련 후기인 바, 상품배송ㆍ주문취소ㆍ교환ㆍ반품 등에 관한 문의사항은 고객센터를 이용해 주시기 바랍니다\",\"coupang.web.ffbf23\":\"3. 다음과 같은 내용은 상품평에 허용되지 않는 내용인 바, 상품평 작성 시 주의하시기 바랍니다\",\"coupang.web.324702\":\"A. 주관적인 의견으로 인해 상품의 기능 및 효과에 대하여 오해의 소지가 있는 내\",\"coupang.web.698c0b\":\"B.  식품/건강기능식품 관련하여 질병의 예방 및 치료, 체중감량(다이어트)에 효능·효과가 있다는 내\",\"coupang.web.d76623\":\"C. 비방, 욕설, 도배 등의 게시물, 동일한 단어나 문장의 반\",\"coupang.web.18502e\":\"D. 타인 또는 기타 기관이 작성, 공개한 정보를 복사하여 기재한 부\",\"coupang.web.cef158\":\"E. 상업적 목적의 광고성 내\",\"coupang.web.c9d0ce\":\"F.  그 밖에 상품평 운영원칙에 위배된 내\",\"coupang.web.0ef420\":\"4. 상품평으로 인해 다른 회원 또는 제3자에게 피해를 줄 경우 법적인 책임이 따를 수 있으며, 이에 대한 책임은 글을 게시한 당사자에게 있습니다\",\"coupang.web.427508\":\"5. 개인정보 보호와 관련된 피해를 방지하기 위해 주민번호, 전화번호, 이메일, 연락처 등의 내용 기입은 삼가해 주시기 바랍니다. 해당 내용이 발견되는 경우\",\"coupang.web.051f54\":\"제3자 노출을 방지하기 위해 관리자에 의해 노출 제한, 비공개, 삭제 등이 될 수 있습니다\",\"coupang.web.6430ed\":\"6. 모든 상품평은 공개함을 원칙으로 하나, 상품평의 성격에 맞지 않는 내용은 관리자에 의해 노출 제한, 비공개, 삭제 등이 될 수 있습니다\",\"coupang.web.aa9a95\":\"※ 쿠팡체험단에 초대되신 고객이 쿠팡이 무료로 제공한 상품에 상품평을 작성하면 뱃지가 발급됩니다. 쿠팡체험단에 도전해보세요.\",\"coupang.web.a18531\":\"쿠팡체험단 소개\",\"coupang.web.abcc8f\":\"신뢰도 높은 활동을 한 리뷰어에게 최신 상품을 경험해볼 수 있는 기회를 제공합니다.\",\"coupang.web.dccb85\":\"A. 초대 형태로 운영\",\"coupang.web.5de24f\":\"B. SMS/이메일 수신 거부 시 초대 불가\",\"coupang.web.3eb930\":\"C. 수령 후 상품평 작성 필수\",\"coupang.web.b15ff3\":\"D. 미등록 시 체험단 자격 박탈 가능\",\"coupang.web.bc3878\":\"E. 우수 리뷰어는 지속적으로 초대 가능\",\"coupang.web.9492b2\":\"쿠팡체험단 선정 기준\",\"coupang.web.f65cd4\":\"상세하고 정직한 상품평을 작성하면 리뷰어 점수와 랭킹 순위가 높아지고, 초대 받을 확률도 증가합니다.\",\"coupang.web.c12671\":\"쿠팡체험단 운영 원칙\",\"coupang.web.b0c1fa\":\"솔직한 상품평을 작성해야 하며, 쿠팡체험단 상품평 기준 또는 상품평 운영원칙에 어긋나는 상품평을 작성한 리뷰어게는 자격 박탈 등의 불이익이 생길 수 있습니다.\",\"coupang.web.aba088\":\"접기\",\"coupang.web.925ba2\":\"프로필로 돌아가기\",\"coupang.web.ac5b57\":\"보기\",\"coupang.web.340bd9\":\"신고하시는 사유가 무엇인가요? (필수)\",\"coupang.web.7a594b\":\"신고하시는 이유를 알려주세요 (필수)\",\"coupang.web.53bb23\":\"상품평과 관계 없는 글 (비방, 욕설, 광고, 잘못된 정보 등)을 신고해주시면, 관리자 확인 후 해당 상품평의 노출이 제한될 수 있습니다. 타당한 사유 없이 허위 신고 시 신고자에 대한 활동 제한이 가해질 수 있으니, 신고 전에 신중하게 재고해주시기 바랍니다.\",\"coupang.web.877a1b\":\"등록하기\",\"coupang.web.ce1749\":\"신고 사유를 선택해 주세요.\",\"coupang.web.4cc5c2\":\"신고 이유를 입력해 주세요.\",\"coupang.web.b8c8ba\":\"신고되었습니다.\",\"coupang.web.5a849f\":\"총\",\"coupang.web.a57ab0\":\"개\",\"coupang.web.3537f0\":\"수정\",\"coupang.web.6139b6\":\"삭제\",\"coupang.web.14bd22\":\"이벤트 상세정보\",\"coupang.web.15390a\":\"갤러리 이미지\",\"coupang.web.f036a5\":\"갤러리 상세 보기\",\"coupang.web.3d2a02\":\"더보기 \u003e\",\"coupang.web.6a0dea\":\"상품평 운영원칙\",\"coupang.web.b154f9\":\"※ 상품평 운영원칙 및 관련 법령에 위반되는 경우에는 해당 상품평에 대한 임시 대처, 비공개 전환, 삭제 등의 필요한 조치가 취해질 수 있습니다.\",\"coupang.web.31c822\":\"1. 작성된 글과 첨부된 멀티미디어 파일 등으로 이루어진 각 상품평은 개인의 의견을 반영하므로, 게시된 내용에 대한 모든 책임은 작성자에게 있습니다.\",\"coupang.web.30410d\":\"2. 상품평은 상품의 사용 관련 후기인 바, 배송·주문취소·교환·반품 등에 관한 문의사항은 고객센터로 제기하시기 바랍니다.\",\"coupang.web.488bc7\":\"3. 다음과 같은 내용은 상품평에 허용되지 않은 부류인 바, 상품평 작성 시 주의하시기 바랍니다.\",\"coupang.web.f9e3b3\":\"B. 식품/건강기능식품과 관련하여 질병의 예방 및 치료, 체중감량 (다이어트)에 효능·효과가 있다는 내용\",\"coupang.web.8457a7\":\"C.비방, 욕설, 도배 등의 게시물 또는 반복되는 동일 단어나 문장\",\"coupang.web.5f61c7\":\"F. 그 밖에 상품평 운영원칙에 위배되거나 그러하다고 사료되는 내용\",\"coupang.web.530c2f\":\"4. 상품평으로 인해 다른 회원 또는 제3자에게 피해가 가해질 경우, 법적인 책임이 따를 수 있으며, 이에 대한 책임은 상품평을 게시한 당사자에게 있습니다.\",\"coupang.web.796995\":\"5. 개인정보 보호와 관련된 피해를 방지하기 위해 주민번호, 전화번호, 이메일, 연락처 등의 내용 기입은 삼가해주시기 바랍니다. 해당 내용이 발견되는 경우,\",\"coupang.web.6d7345\":\"제3자 노출을 방지하기 위해 관리자에 의해 노출 제한, 비공개 전환, 삭제 처리 등이 될 수 있습니다.\",\"coupang.web.556e28\":\"6. 이 외 상품평의 성격에 맞지 않는 내용은 관리자에 의해 노출 제한, 비공개 전환, 삭제 처리 등이 될 수 있습니다.\",\"coupang.web.c11734\":\"동영상\",\"coupang.web.5cd4cd\":\"갤러리\",\"coupang.web.24672a\":\"섬네일을 클릭하면 더 많은 상품평 정보를 볼 수 있어요\",\"coupang.web.302bae\":\"이미지\",\"coupang.web.c46174\":\"상품평 이미지 상세 보기\",\"coupang.web.6ecba0\":\"신뢰도 높은 상품평을 작성해주신 분들이 다른 고객에게\",\"coupang.web.80ce81\":\"자신을 나타낼 수 있도록 다양한 리뷰어 뱃지가 부여됩니다.\",\"coupang.web.334219\":\"쿠팡체험단은 상품평을 활발하게 작성해주신 고객 중 대상자를 2주마다\",\"coupang.web.fea58c\":\"선발하여 제품을 실제로 사용해보실 수 있도록 마련된 프로그램입니다.\",\"coupang.web.9c9e48\":\"전체보기\",\"coupang.web.b41a49\":\"베스트순\",\"coupang.web.79588b\":\"최신순\",\"coupang.web.98d3d9\":\"글작성\",\"coupang.web.4b26ba\":\"글수정\",\"coupang.web.f8e700\":\"상품평을 검색해보세요.\",\"coupang.web.3a3d3f\":\"모든 별점 보기\",\"coupang.web.ba7af7\":\"'커버력'\",\"coupang.web.c8148b\":\"{count}개의 검색 결과가 있습니다.\",\"coupang.web.8d901c\":\"도움\",\"coupang.web.9f96b8\":\"명\",\"coupang.web.ef2366\":\"랭킹\",\"coupang.web.ad8c9d\":\"등\",\"coupang.web.fa3c3b\":\"내 정보관리\",\"coupang.web.4f9614\":\"작성\",\"coupang.web.054709\":\"현재 판매 중인 상품이 아닙니다.\",\"coupang.web.c9e5d6\":\"그 외 배송비 {0}원\",\"coupang.web.review.modal.my.profile.title\":\"내 리뷰관리\",\"coupang.web.0de6e8\":\"구매 후 상품평을 등록해 보세요.\",\"pdp.review.delete.my.review.confirm\":\"삭제 후 복구나 재등록이 불가합니다.\\n정말 삭제하시겠습니까?\",\"coupang.web.06fea6\":\"서버에서 오류가 발생하였습니다.\",\"coupang.web.e1fbaf\":\"정말 별로예요\",\"coupang.web.8561a9\":\"별로예요\",\"coupang.web.db5858\":\"괜찮아요\",\"coupang.web.4e89f1\":\"좋아요\",\"coupang.web.88f0e8\":\"아주 좋아요\",\"coupang.web.ca5346\":\"상품평 수정하기\",\"coupang.web.427da5\":\"별점평가\",\"coupang.web.22dd3d\":\"사진첨부\",\"coupang.web.4be169\":\"사진 첨부하기\",\"coupang.web.f24950\":\"사진은 최대 20MB  이하의 jpeg, png, gif 파일 총\",\"coupang.web.7c204d\":\"개까지 첨부 가능합니다.\",\"coupang.web.4bf021\":\"상품평 등록 이후에도 언제든지 쿠팡 모바일앱에서 편리하게 사진 추가/수정이 가능합니다.\",\"coupang.web.64332b\":\"문의하기\",\"coupang.web.2c9bfb\":\"구매한 상품의 \u003cem\u003e취소/반품은 마이쿠팡 구매내역에서 신청\u003c/em\u003e 가능합니다.\",\"coupang.web.60ac66\":\"상품문의 및 후기게시판을 통해 취소나 환불, 반품 등은 처리되지 않습니다.\",\"coupang.web.d5688b\":\"\u003cem\u003e가격, 판매자, 교환/환불 및 배송 등 해당 상품 자체와 관련 없는 문의는 고객센터 내 1:1 문의하기\u003c/em\u003e를 이용해주세요.\",\"coupang.web.d4de45\":\"\u003cem\u003e\\\"해당 상품 자체\\\"와 관계없는 글, 양도, 광고성, 욕설, 비방, 도배 등의 글은 예고 없이 이동, 노출제한, 삭제 등의 조치가 취해질 수 있습니다.\u003c/em\u003e\",\"coupang.web.5baa49\":\"공개 게시판이므로 전화번호, 메일 주소 등 고객님의 소중한 개인정보는 절대 남기지 말아주세요.\",\"coupang.web.99ec2a\":\"판매 부적격 상품 또는 허위과장광고 및 지식재산권을 침해하는 상품의 경우 신고하여 주시기 바랍니다.\",\"coupang.web.32729c\":\"질문\",\"coupang.web.2b2ab8\":\"답변\",\"coupang.web.55a53a\":\"상품 문의\",\"coupang.web.793f3b\":\"상품정보\",\"coupang.web.f94aef\":\"문의내용\",\"coupang.web.251105\":\"상품 옵션 선택하여 판매자를 선택해주세요.\",\"coupang.web.f83ffa\":\"* 개인정보(주민번호, 연락처, 주소, 계좌번호, 카드번호 등)가 포함되지 않도록 유의해주세요.\",\"coupang.web.be8764\":\"취소\",\"coupang.web.8d1a75\":\"선택\",\"coupang.web.1586b4\":\"로그인 후 신고할 수 있습니다\",\"coupang.web.fcfb5a\":\"을(를) 선택하세요.\",\"coupang.web.3898da\":\"아직 문의가 없습니다.\",\"coupang.web.f55dff\":\"무료배송 이벤트 (기간한정)\",\"coupang.web.89bbfe\":\"선택하신 옵션에 맞는 상품이 없습니다. 다른 옵션을 선택해주세요.\",\"coupang.web.used.item.category.status.new\":\"새 상품\",\"coupang.web.used.item.category.status.like.new\":\"반품-미개봉\",\"coupang.web.used.item.category.status.very.good\":\"반품-최상\",\"coupang.web.used.item.category.status.good\":\"반품-상\",\"coupang.web.used.item.category.status.acceptable\":\"반품-중\",\"coupang.web.8c831f\":\"필터\",\"coupang.web.591a4d\":\"전체해제\",\"coupang.web.f9f076\":\"다운완료\",\"coupang.web.185fe3\":\"이미지 첨부는 총 {val}개까지 가능합니다.\",\"coupang.web.a05100\":\"이미지 업로드 중 오류가 발생하였습니다.\",\"coupang.web.bb2255\":\"수정한 내용이 지워지게 됩니다 취소 하시겠습니까?\",\"coupang.web.e1785a\":\"별점을 선택해 주세요.\",\"coupang.web.518f4e\":\"에 숫자만 입력해 주세요.\",\"coupang.web.2f06a9\":\"를 선택해 주세요.\",\"coupang.web.3c62e4\":\"카테고리 인기상품\",\"coupang.mobile.web.e7d3d0\":\"환불조건 및 방법\",\"coupang.mobile.web.294ad8\":\"[기프트카드 환불]\",\"coupang.mobile.web.472181\":\"수신자의 선물 수락 전에 한하여 구매자가 주문 목록에서 취소하여 환불 가능\",\"coupang.mobile.web.b34f0b\":\"(마이쿠팡 \u003e 주문 목록에서 주문 취소)\",\"coupang.mobile.web.f51e80\":\"수신자가 선물 수락 후 기프트카드를 등록하면 기프트카드 환불 불가\",\"coupang.mobile.web.0f9230\":\"부분 결제는 취소 불가능하며, 결제 당 전체 취소만 가능\",\"coupang.mobile.web.f8dda1\":\"수신자가 거절 혹은 유효기간 내 수락하지 않은 경우, 원 결제수단으로 구매자에게 전액 자동 환불 (결제수단에 따라 평일 최대 7일 소요)\",\"coupang.mobile.web.0c947e\":\"[전환된 쿠팡캐시 환불]\",\"coupang.mobile.web.b1ca6a\":\"기프트카드가 등록되어 쿠팡캐시로 전환된 경우, 마지막 충전 시 총액을 기준으로 환불\",\"coupang.mobile.web.488ff4\":\"・ 총액 기준 1만원 초과 금액이 등록된 경우 60% 이상 사용시 잔액 환불\",\"coupang.mobile.web.d09028\":\"・ 총액 기준 1만원 이하 금액이 등록된 경우 80% 이상 사용시 잔액 환불\",\"coupang.mobile.web.66a430\":\"등록된 쿠팡캐시 잔액과 관련한 환불 문의는 쿠팡 페이 고객센터로 연락\",\"coupang.mobile.web.377a42\":\"기타 유의사항\",\"coupang.mobile.web.232484\":\"기프트카드로 전환된 쿠팡캐시는 환불조건이 쿠페이머니와 다르므로, 쿠페이머니로 기프트카드를 구매하여 이용하려는 경우 환불조건이 다름에 유의\",\"coupang.mobile.web.48a5fd\":\"쿠페이머니는 전액 환급되나, 기프트카드를 쿠팡캐시로 전환한 경우 60% 이상(1만원권은 80% 이상) 이용 시 환급\",\"coupang.mobile.web.fbd53c\":\"기타 쿠팡 이용약관 및 쿠팡페이 이용약관 참조\",\"webview.pac.bottom.sheet.text1\":\"품절 임박·{num}개 남음\",\"webview.pac.bottom.sheet.text2\":\"장바구니에 상품을 담았습니다.\",\"webview.pac.bottom.sheet.text3\":\"장바구니 가기\",\"webview.pac.bottom.sheet.text4\":\"쿠팡 와우카드 발급하면\",\"webview.pac.bottom.sheet.text5\":\"여기서 발급 완료하면 받아요\",\"webview.pac.bottom.sheet.text6\":\"{amount} 쿠팡캐시 받기\",\"webview.pac.bottom.sheet.text7\":\"이 광고 7일간 보지 않기\",\"webview.pac.bottom.sheet.text8\":\"방금 담은 상품\",\"webview.pac.bottom.sheet.text9\":\"쿠팡캐시 사용 시\",\"webview.pac.bottom.sheet.text10\":\"\u003cspan\u003e{amount}\u003c/span\u003e 받아요\",\"webview.pac.bottom.sheet.text11\":\"https://img1a.coupangcdn.com/image/coupang/wow-card-landing/wow-card.png\",\"webview.pac.bottom.sheet.text12\":\"여기서 발급하고 혜택받기\",\"webview.pac.bottom.sheet.text13\":\"쿠팡 와우카드 발급 혜택받고\",\"webview.pac.bottom.sheet.text14\":\"더 저렴하게 구매하세요\",\"webview.pac.bottom.sheet.text15\":\"쿠팡캐시 혜택 사용 시\",\"webview.pac.bottom.sheet.benefit.desc1\":\"실적 걱정 제로\",\"webview.pac.bottom.sheet.benefit.title1\":\"전월실적 조건 없음\",\"webview.pac.bottom.sheet.benefit.desc2\":\"최소결제금액 없음\",\"webview.pac.bottom.sheet.benefit.title2\":\"100원만 써도 캐시적립\",\"webview.pac.bottom.sheet.benefit.desc3\":\"신분증 촬영, 1원 인증 후\",\"webview.pac.bottom.sheet.benefit.title3\":\"실물카드 없이 바로 사용\",\"webview.pac.bottom.sheet.benefit.desc4\":\"번거로움 없이\",\"webview.pac.bottom.sheet.benefit.title4\":\"쉽고 빠른 간편신청\",\"coupang.mobile.web.used.item.popup.title\":\"반품 상품 등급 안내\",\"coupang.mobile.web.used.item.popup.desc\":\"로켓배송 상품은 쿠팡이 직접 검수한 후 판매합니다.\",\"coupang.mobile.web.used.item.category.unopened\":\"반품-미개봉\",\"coupang.mobile.web.used.item.category.unopened.voc.desc\":\"미사용 상품으로 상품 상태는 새 상품과 동일합니다.\",\"coupang.mobile.web.used.item.category.unopened.desc\":\"미개봉 상품으로 상품 상태는 새 상품과 동일합니다.\",\"coupang.mobile.web.used.item.category.unopened.voc.msg2\":\"개봉 여부: 미개봉 또는 외부 포장, 밀봉 씰이 손상되었을 수 있음\",\"coupang.mobile.web.used.item.category.unopened.msg2\":\"개봉 여부: 미개봉 (외부 포장에 경미한 손상이 있을 수 있음)\",\"coupang.mobile.web.used.item.category.unopened.msg3\":\"외관 상태: 새 상품과 동일\",\"coupang.mobile.web.used.item.category.unopened.msg4\":\"기능 상태: 새 상품과 동일\",\"coupang.mobile.web.used.item.category.unopened.msg5\":\"구성품: 모두 포함\",\"coupang.mobile.web.used.item.category.best\":\"반품-최상\",\"coupang.mobile.web.used.item.category.best.desc\":\"상품이 개봉됐으나 사용감이 없으며 외부 포장이 교체되었을 수 있습니다.\",\"coupang.mobile.web.used.item.category.best.msg1\":\"개봉 여부: 개봉됨 (외부 포장재 교체될 수 있음)\",\"coupang.mobile.web.used.item.category.best.flex.msg2\":\"외관 상태: 사용감 없음\",\"coupang.mobile.web.used.item.category.best.msg2\":\"외관 상태: 사용감 없음 (전자제품은 작동되었을 수 있음)\",\"coupang.mobile.web.used.item.category.best.msg3\":\"기능 상태: 정상, 쿠팡 검수 완료)\",\"coupang.mobile.web.used.item.category.best.msg4\":\"구성품: 모두 포함\",\"coupang.mobile.web.used.item.category.award\":\"반품-상\",\"coupang.mobile.web.used.item.category.award.desc\":\"상품이 개봉됐으나 정상 작동하며 작은 흠집이 있을 수 있습니다.\",\"coupang.mobile.web.used.item.category.award.msg1\":\"개봉 여부: 개봉됨 (외부 포장재 교체될 수 있음)\",\"coupang.mobile.web.used.item.category.award.flex.msg2\":\"외관 상태: 2개 이하의 작은 흠집\",\"coupang.mobile.web.used.item.category.award.msg2\":\"외관 상태: 2개 이하의 작은 흠집 (전자제품은 작동되었을 수 있음)\",\"coupang.mobile.web.used.item.category.award.msg3\":\"기능 상태: 정상 작동, 쿠팡 검수 완료\",\"coupang.mobile.web.used.item.category.award.msg4\":\"구성품: 모두 포함\",\"coupang.mobile.web.used.item.category.of\":\"반품-중\",\"coupang.mobile.web.used.item.category.of.desc\":\"상품이 정상 작동하나 작은 흠집이 있을 수 있고 일부 구성품이 누락되거나 호환 가능한 구성품으로 교체될 수 있습니다.\",\"coupang.mobile.web.used.item.category.of.msg1\":\"개봉 여부: 개봉됨 (외부 포장재 교체될 수 있음)\",\"coupang.mobile.web.used.item.category.of.flex.msg2\":\"외관 상태: 4개 미만의 작은 흠집\",\"coupang.mobile.web.used.item.category.of.msg2\":\"외관 상태: 4개 미만의 작은 흠집 (전자제품은 작동되었을 수 있음)\",\"coupang.mobile.web.used.item.category.of.msg3\":\"기능 상태: 정상 작동, 쿠팡 검수 완료\",\"coupang.mobile.web.used.item.category.of.msg4\":\"구성품: 부수적인 구성품 누락 또는 일부 구성품 교체\",\"coupang.mobile.web.used.item.disclaimer.msg1\":\"노트북의 경우 구매한 상품보다 램, 저장 장치, OS 등이 업그레이드된 상품을 수령할 수도 있습니다.\",\"coupang.mobile.web.used.item.disclaimer.msg2\":\"전자제품은 작동되었을 수 있습니다. (미개봉 제외)\",\"coupang.mobile.web.used.item.disclaimer.msg3\":\"서비스 보증은 제조사 정책에 따라 제조일자 혹은 작동일자를 기준으로 제공됩니다.\",\"coupang.mobile.web.used.item.disclaimer.msg4\":\"일부 반품 상품은 업체별 정책 또는 사정에 따라 보험 가입, 구매 프로모션 참여가 제한될 수 있습니다.\",\"coupang.web.ffe893\":\"홈으로\",\"coupang.web.227c97\":\"상품을 찾을 수 없습니다. 주소가 잘못 입력 되었거나, 판매 종료 또는 중지 되어 해당 상품을 찾을 수 없습니다. 이용에 불편을 드려 대단히 죄송합니다.\",\"coupang.web.d66813\":\"문의 대상을 선택해주세요.\",\"coupang.web.f9e913\":\"내용을 입력해 주세요.\",\"coupang.web.501f05\":\"잘못된 상품정보 수정요청하기\",\"coupang.web.270e07\":\"문제에 대해 알려주세요\",\"coupang.web.e08c89\":\"'상품 정보에 문제가 있나요?'는 수정이 필요한 상품 정보를 제보하는 곳이며, 답변이 제공되지 않습니다. 이 밖의 문의는 아래 링크를 확인하여 이용 부탁드립니다.\",\"coupang.web.959c04\":\"상품에 대한 질문은\",\"coupang.web.2b1fcd\":\"배송 관련 문의 및 그 외 요청 사항은\",\"coupang.web.8497eb\":\"고객센터\",\"coupang.web.82d047\":\"또는\",\"coupang.web.d404bf\":\"고객의 소리\",\"coupang.web.923b58\":\"판매 부적격 상품 또는 허위과장광고 및 지식재산권을 침해하는 상품의 경우\",\"coupang.mobile.web.qna.pageTitle.report\":\"신고하기\",\"coupang.web.94161f\":\"내용 (선택사항)\",\"coupang.web.c234a2\":\"내용을 함께 입력해주시면 더욱 빠른 처리가 가능합니다\",\"coupang.web.acc640\":\"가능 배송지로 변경 시 구매 가능\",\"coupang.web.sdp.WowOnlyPre\":\"추가\",\"coupang.web.sdp.WowOnly\":\"쿠팡캐시 적립 · 와우 전용\",\"coupang.web.sdp.unknowImageText\":\"현재 접속자가 너무 많습니다\",\"coupang.web.sdp.cashback.summary.title\":\"캐시적립 혜택\",\"coupang.web.sdp.atf.option_table.title\":\"더 많은 옵션 보기\",\"coupang.web.75e7c4\":\"상태 안내\",\"coupang.web.bffa61\":\"상품 상세\",\"coupang.web.669089\":\"특장점\",\"coupang.web.sdp.settlementAmount.pre\":\"최대\",\"coupang.web.sdp.settlementAmount\":\"쿠팡캐시 적립 ・ 쿠페이 결제 시\",\"coupang.web.1dcfbc\":\"추가 혜택\",\"coupang.web.afcc80\":\"* 캐시적립은 배송 완료 7일 후 적립됩니다.\",\"coupang.web.ee3b70\":\"최대\",\"coupang.web.f6bc2a\":\"적립\",\"coupang.web.39ba02\":\"{0}의\",\"coupang.web.0df6a3\":\"다른 상품들\",\"coupang.web.462c1f\":\"브랜드샵 구경할까요?\",\"coupang.web.96cfb7\":\"일 남음\",\"coupang.web.1b3a62\":\"쿠페이 머니 충전하기\",\"coupang.web.c2b9c9\":\"로켓와우 무료체험 신청하기\",\"coupang.web.4bf10c\":\"상품평 쓰기\",\"jikgu.widget.title\":\"전세계 핫딜\",\"jikgu.widget.subtitle\":\"로켓직구 글로벌특가\",\"promotion.discount\":\"지금 {discountRate} 할인 중\",\"promotion.title.prefix\":\"오늘의\",\"promotion.title\":\"판매자 특가\",\"recommendation_web_c764c2\":\"이전 상품 보기\",\"recommendation_web_2cdbdd\":\"다음 상품 보기\",\"promotion.discount.tag\":\"와우할인가\",\"promotion.discount.progress\":\"특가진행중\",\"promotion.percent\":\"남음\",\"promotion.shiptoday\":\"오늘출발\",\"coupang.web.772e25\":\"쿠페이 캐시적립 혜택\",\"coupang.web.dbd385\":\"[로켓와우 + 쿠페이 머니] 결제 시 5% 적립\",\"coupang.web.78c9a7\":\"쿠페이 머니 결제 시\",\"coupang.web.f4656a\":\"로켓와우클럽 신청 시\",\"coupang.web.1726ae\":\"무료체험\",\"coupang.web.e86b09\":\"신청하기\",\"coupang.web.94b2b6\":\"쿠페이 머니로 결제 시\",\"coupang.web.fb5132\":\"% 캐시적립\",\"coupang.web.ce816d\":\"로켓와우클럽 혜택\",\"coupang.web.8989fa\":\"쿠페이 머니로 결제 시 5% 캐시적립\",\"coupang.web.10258d\":\"(이벤트 기간 30일)\",\"coupang.web.8ed935\":\"쿠페이 계좌이체로 결제 시\",\"coupang.web.d376cf\":\"* 월별 최대 5만원 적립가능\",\"coupang.web.efc6bb\":\"쉽고 빠른 로켓직구\",\"coupang.web.5891b7\":\"추천\",\"coupang.web.cea53f\":\"이런건 어때요?\",\"coupang.web.3ac163\":\"광고\",\"coupang.web.615024\":\"알아보기\",\"coupang.web.d11312\":\"고르고 골랐어요\",\"coupang.web.2228ac\":\"감사합니다!\",\"coupang.web.9a2c6f\":\"고객님의 소중한 의견\",\"coupang.web.0c641b\":\"은 쿠팡 서비스를\",\"coupang.web.736922\":\"개선하는데 많은 도움이 됩니다.\",\"coupang.web.5bd519\":\"빠른 시일 내에 상품정보를\",\"coupang.web.f0b874\":\"개선하도록 하겠습니다.\",\"coupang.web.cd841e\":\"신고 사유를 선택해 주세요.\",\"sdp.front.ui.etc.jigku.title\":\"직구 판매자\",\"sdp.product.jikguVendorName\":\"벤더 명\",\"sdp.product.jikguVendorAddress\":\"등록 주소\",\"sdp.front.ui.persistent.cart.alert.prefix\":\"[품절임박]\",\"sdp.gift.card.title\":\"쿠팡 기프트카드는 쿠팡 앱에서 구매할 수 있어요\",\"sdp.gift.card.text1\":\"휴대폰으로 \u003cs\u003e{v}\u003c/s\u003e 쿠팡 앱에서 상품 확인\",\"sdp.gift.card.text1.bold\":\"QR코드를 스캔해\",\"sdp.gift.card.text2\":\"\u003cs\u003e{v}\u003c/s\u003e 원하는 금액과 카드 디자인 선택\",\"sdp.gift.card.text2.bold\":\"1만원부터 50만원까지\",\"sdp.gift.card.text3\":\"\u003cs\u003e{v}\u003c/s\u003e로 받는 분께 즉시 발송\",\"sdp.gift.card.text3.bold\":\"카카오톡이나 문자(SMS)\",\"coupang.web.39499e\":\"검색어를 입력해 주세요.\",\"coupang.web.qna.search.placeholder\":\"궁금한 내용을 단어나 키워드로 검색하세요.\",\"coupang.web.217229\":\"상품정보에 문제가 있나요?\",\"coupang.web.coach.icon\":\"판매자 상품 보러가기\",\"coupang.web.1919cc\":\"정말 삭제하시겠습니까?\",\"coupang.web.977dfc\":\"삭제되었습니다.\",\"coupang.web.sdp.atf.option_table.popup.option.disclaimer.instant.title\":\"다른 구성 보기\",\"coupang.web.sdp.atf.option_table.popup.option.disclaimer.picker.title\":\"옵션 선택\",\"coupang.web.sdp.atf.option_table.popup.option.disclaimer.modal\":\"수량, 무게 등 판매 단위 대비 단위가격이 저렴한 상품을 보여줍니다. 배송비가 있는 상품은 이를 포함한 단위가격입니다.\",\"coupang.web.sdp.atf.benefit.line.banner\":\"로켓배송 · 브랜드 본사 정품\",\"coupang.web.sdp.atf.benefit.line.banner.farfetch\":\"무료배송•브랜드 정품\",\"coupang.web.sdp.atf.cashbadge.cb.section.text1\":\"적립\",\"coupang.web.sdp.atf.cashbadge.cb.section.text2\":\"R.LUX 구매 시 적립 \u003cstrong\u003e{val}\u003c/strong\u003e\",\"coupang.web.sdp.atf.cashbadge.cb.section.text3\":\"쿠페이 머니 결제 시 적립 \u003cstrong\u003e{val}\u003c/strong\u003e\",\"coupang.web.sdp.atf.cashbadge.cb.section.text4\":\"선물하기 이용 시 적립 \u003cstrong\u003e{val}\u003c/strong\u003e\",\"coupang.web.sdp.atf.cashbadge.cb.section.text5\":\"판매자\",\"coupang.web.sdp.atf.cashbadge.cb.section.text6\":\"판매자 안내\",\"coupang.web.sdp.atf.cashbadge.cb.section.text7\":\"R.LUX 패션은 파페치를 통해 검증된 상품만을 판매합니다. 파페치는 2008년 런칭한 럭셔리 패션 플랫폼의 선두주자로, 전 세계 명품 브랜드 및 부티크와 파트너십을 맺고 있습니다.\",\"coupang.web.sdp.atf.cashbadge.cb.section.text8\":\"송장에 파페치 파트너의 이름이 기재될 수 있습니다. \",\"coupang.web.sdp.atf.cashbadge.cb.section.text9\":\"상품의 반품은 R.LUX 전용 고객센터를 통해 가능합니다.\",\"coupang.web.sdp.atf.cashbadge.cb.section.text10\":\"남은수량\",\"coupang.web.sdp.atf.cashbadge.cb.section.text11\":\"잔여 {val}개\",\"coupang.web.sdp.atf.cashbadge.cb.section.text12\":\"FARFETCH(파페치)\",\"coupang.web.sdp.atf.cashbadge.cb.section.text13\":\"구매제한\",\"coupang.web.sdp.rlux.review.detail.view\":\"자세히보기\",\"coupang.web.sdp.rlux.farfetch.delivery_policy_legal\":\"교환/반품에 관한 일반적인 사항은 판매자 제시사항보다 관계법령이 우선합니다. 다만, 판매자의 제시사항이 관계법령보다 소비자에게 유리한 경우에는 판매자 제시사항이 적용됩니다.\",\"coupang.web.sdp.rlux.farfetch.delivery_policy_legal1\":\"ㆍ단순변심에 의한 파페치 상품의 반품은 제품 수령 후 30일 이내까지, 반품 제한사항에 해당하지 않는 경우에만 가능 (반품 비용 고객부담)\",\"coupang.web.sdp.rlux.farfetch.delivery_policy_legal2\":\"ㆍ상품의 내용이 표시·광고의 내용과 다른 경우에는 상품을 수령한 날부터 3개월 이내, 그 사실을 안 날 또는 알 수 있었던 날부터 30일 이내에 청약철회 가능\",\"coupang.web.sdp.rlux.farfetch.delivery_policy_legal3\":\"ㆍ해외배송 특성상 ‘상품준비중’ 단계 이후부터는 상품 수령 후 반품만 가능(교환 불가)\",\"coupang.web.sdp.rlux.farfetch.delivery_policy_legal4\":\"쿠팡은 통신판매중개자로서 통신판매의 당사자가 아니며, 쿠팡은 파페치와 고객 간의 거래를 위한 서비스를 제공합니다. 아래의 파페치 반품 정책을 비롯한 상품에 대한 책임은 파페치에게 있습니다.\",\"coupang.web.sdp.rlux.farfetch.delivery_policy_legal5\":\"파페치 반품 정책\",\"coupang.web.sdp.rlux.farfetch.delivery_policy_legal6\":\"교환/반품 불가 상품의 반품 거절\",\"coupang.web.sdp.rlux.farfetch.delivery_policy_legal7\":\"교환/반품 제한사항에 해당하는 경우 환불이 불가능하며, 반품된 상품은 고객님께 반환됩니다.\",\"coupang.web.sdp.rlux.farfetch.return_policy1\":\"ㆍ파페치 반품 정책에 부합하지 않는 상품은 반품이 불가하므로, 배송받은 상품을 착용하실 때에는 반품 가능성을 고려해 처음 배송 상태 그대로 보존되도록 주의해 주세요.\",\"coupang.web.sdp.rlux.farfetch.return_policy2\":\"ㆍ상품의 사용 또는 훼손, 구성품 누락으로 상품의 가치가 현저히 감소한 경우에는 반품이 제한될 수 있습니다. 특히, 아래 내용을 준수하지 않은 상품의 경우, 고객의 귀책 또는 사용으로 인해 상품이 멸실 또는 훼손되거나 상품의 가치가 현저히 감소한 경우에 해당하여 반품이 제한됩니다.\",\"coupang.web.sdp.rlux.farfetch.return_policy3\":\"ㆍ반품 제한사항이 있는 경우에는 반품을 신청하더라도 환불이 불가능하며, 반품된 상품은 고객님께 반환되므로, 아래 내용을 꼭 확인해주세요.\",\"coupang.web.sdp.rlux.farfetch.return_policy4\":\"ㆍ반품할 상품은 세탁 및 수선, 훼손되지 않았으며, 모든 태그가 부착되어 있고 처음 배송 상태와 동일해야 합니다.\",\"coupang.web.sdp.rlux.farfetch.return_policy5\":\"ㆍ신발과 액세서리는 함께 배송된 브랜드 박스와 더스트 백 등을 모두 포함해 파페치 박스 또는 상품 보호용 외부 상자에 담아 반품해 주셔야 합니다.\",\"coupang.web.sdp.rlux.farfetch.return_policy6\":\"ㆍ신발 착용 시, 밑창에 때가 묻거나 브랜드 박스가 훼손되지 않도록 주의해 주세요\",\"coupang.web.sdp.rlux.farfetch.return_policy7\":\"ㆍ파페치 보안 태그 혹은 브랜드 고유 태그가 부착되어 배송되었다면, 모든 태그가 부착된 상태 그대로 반품해 주셔야 합니다.\",\"coupang.web.sdp.rlux.farfetch.return_policy8\":\"ㆍ스타킹, 양말류, 란제리, 스윔웨어는 위생용 보호 테이프가 부착된 상태 그대로 개봉되거나 훼손되지 않아야 합니다.\",\"coupang.web.sdp.rlux.farfetch.return_policy9\":\"ㆍ란제리와 스윔웨어는 반드시 별도의 속옷 위에 착용해 주세요. 훼손되거나 더러워진 상품은 반품이 불가합니다.\",\"coupang.web.sdp.rlux.farfetch.return_policy10\":\"ㆍ페이스 마스크는 개봉, 착용, 손상되지 않고 처음 배송 상태와 동일해야 합니다.\",\"coupang.web.sdp.rlux.farfetch.return_policy11\":\"ㆍ주얼리는 배송된 함께 배송된 브랜드 박스와 서류 등을 모두 포함해 처음 배송 상태 그대로 반품해 주셔야 합니다.\",\"coupang.web.sdp.rlux.farfetch.return_policy12\":\"ㆍ파페치 반품 서비스를 이용하지 않고 본인 비용으로 반품하신 경우, 고객님에게 반품에 대한 책임이 있습니다. 배송받은 국가가 아닌 다른 국가에서 반품을 원한다면, 고객님이 반품 과정에서 발생하는 비용을 직접 부담하고 반품에 대한 책임을 지셔야 합니다. 단, 배송받은 상품이 주문한 상품과 다르거나 상품 손상 및 결함이 있는 경우는 이에 해당되지 않습니다.\",\"coupang.web.sdp.rlux.farfetch.return_policy13\":\"ㆍ더 나은 쇼핑 경험을 제공하기 위해 파페치는 유연한 반품 정책을 제공합니다. 다만, 이와 동시에 파페치는 반품 횟수를 모니터링하고, 고객의 반품 행위가 반품 정책을 위반하는 경우 향후 주문을 제한할 권한을 갖습니다.\",\"coupang.web.sdp.rlux.farfetch.seller_info1\":\"소비자상담 및\u003cbr/\u003e교환/반품 문의\",\"coupang.web.sdp.rlux.farfetch.seller_info2\":\"R.LUX 고객센터 1670-9852\",\"coupang.web.sdp.rlux.farfetch.seller_info3\":\"R.LUX 앱 ‘마이 페이지 \u003e 고객센터 \u003e 상담하기'에서도 문의할 수 있습니다.\",\"coupang.web.sdp.rlux.farfetch.seller_info4\":\"상호/대표자\",\"coupang.web.sdp.rlux.farfetch.seller_info5\":\"연락처\",\"coupang.web.sdp.rlux.farfetch.seller_info6\":\"사업장소재지\",\"coupang.web.sdp.rlux.farfetch.seller_info7\":\"통신판매 신고번호\",\"coupang.web.sdp.rlux.farfetch.seller_info8\":\"사업자번호\",\"coupang.web.sdp.rlux.farfetch.benefit.title\":\"패션 혜택 안내\",\"coupang.web.sdp.rlux.farfetch.benefit.authentic.title\":\"브랜드 정품\",\"coupang.web.sdp.rlux.farfetch.benefit.authentic.description\":\"R.LUX 패션은 파페치를 통해 검증된 상품만을 판매합니다. 파페치는 2008년 런칭한 럭셔리 패션 플랫폼의 선두주자로, 전 세계 명품 브랜드 및 부티크와 파트너십을 맺고 있습니다.\",\"coupang.web.sdp.rlux.farfetch.benefit.shopping.title\":\"빠르고 편리한 로켓직구 쇼핑\",\"coupang.web.sdp.rlux.farfetch.benefit.shopping.description\":\"관세와 부가가치세가 미리 계산되어 상품 가격에 포함되어 있습니다. 또한 모든 상품은 로켓직구 배송서비스를 통해 빠르게 도착합니다.\",\"coupang.web.sdp.rlux.farfetch.benefit.return.title\":\"복잡한 절차 없는 100% 무료반품\",\"coupang.web.sdp.rlux.farfetch.benefit.return.description\":\"상품을 배송받은 날부터 30일 이내 반품 가능하며, 와우 멤버십 회원이라면 배송비나 반품비 등 별도 비용 차감 없이 전체 금액이 환불됩니다. (일반회원은 5,000원 반품 비용 발생)\",\"coupang.web.sdp.rlux.farfetch.benefit.usage.title\":\"R.LUX 패션상품 이용 방법\",\"coupang.web.sdp.rlux.farfetch.benefit.return.policy.title\":\"파페치 반품 정책 안내\",\"coupang.web.sdp.rlux.farfetch.benefit.return.policy.item1\":\"파페치 반품 정책에 부합하지 않는 상품은 반품이 불가하므로, 배송받은 상품을 착용하실 때에는 반품 가능성을 고려해 처음 배송 상태 그대로 보존되도록 주의해 주세요.\",\"coupang.web.sdp.rlux.farfetch.benefit.return.policy.item2\":\"상품의 사용 또는 훼손, 구성품 누락으로 상품의 가치가 현저히 감소한 경우에는 반품이 제한될 수 있습니다. 특히, 아래 내용을 준수하지 않은 상품의 경우, 고객의 귀책 또는 사용으로 인해 상품이 멸실 또는 훼손되거나 상품의 가치가 현저히 감소한 경우에 해당하여 반품이 제한됩니다.\",\"coupang.web.sdp.rlux.farfetch.benefit.return.policy.item3\":\"반품 제한사항이 있는 경우에는 반품을 신청하더라도 환불이 불가능하며, 반품된 상품은 고객님께 반환되므로, 아래 내용을 꼭 확인해주세요.\",\"coupang.web.sdp.rlux.farfetch.benefit.return.policy.item4\":\"반품할 상품은 세탁 및 수선, 훼손되지 않았으며, 모든 태그가 부착되어 있고 처음 배송 상태와 동일해야 합니다.\",\"coupang.web.sdp.rlux.farfetch.benefit.return.policy.item5\":\"신발과 액세서리는 함께 배송된 브랜드 박스와 더스트 백 등을 모두 포함해 파페치 박스 또는 상품 보호용 외부 상자에 담아 반품해 주셔야 합니다.\",\"coupang.web.sdp.rlux.farfetch.benefit.return.policy.item6\":\"신발 착용 시, 밑창에 때가 묻거나 브랜드 박스가 훼손되지 않도록 주의해 주세요.\",\"coupang.web.sdp.rlux.farfetch.benefit.return.policy.item7\":\"파페치 보안 태그 혹은 브랜드 고유 태그가 부착되어 배송되었다면, 모든 태그가 부착된 상태 그대로 반품해 주셔야 합니다.\",\"coupang.web.sdp.rlux.farfetch.benefit.return.policy.item8\":\"스타킹, 양말류, 란제리, 스윔웨어는 위생용 보호 테이프가 부착된 상태 그대로 개봉되거나 훼손되지 않아야 합니다.\",\"coupang.web.sdp.rlux.farfetch.benefit.return.policy.item9\":\"란제리와 스윔웨어는 반드시 별도의 속옷 위에 착용해 주세요. 훼손되거나 더러워진 상품은 반품이 불가합니다.\",\"coupang.web.sdp.rlux.farfetch.benefit.return.policy.item10\":\"페이스 마스크는 개봉, 착용, 손상되지 않고 처음 배송 상태와 동일해야 합니다.\",\"coupang.web.sdp.rlux.farfetch.benefit.return.policy.item11\":\"주얼리는 배송된 함께 배송된 브랜드 박스와 서류 등을 모두 포함해 처음 배송 상태 그대로 반품해 주셔야 합니다.\",\"coupang.web.sdp.rlux.farfetch.benefit.return.policy.item12\":\"파페치 반품 서비스를 이용하지 않고 본인 비용으로 반품하신 경우, 고객님에게 반품에 대한 책임이 있습니다. 배송받은 국가가 아닌 다른 국가에서 반품을 원한다면, 고객님이 반품 과정에서 발생하는 비용을 직접 부담하고 반품에 대한 책임을 지셔야 합니다. 단, 배송받은 상품이 주문한 상품과 다르거나 상품 손상 및 결함이 있는 경우는 이에 해당되지 않습니다.\",\"coupang.web.sdp.rlux.farfetch.benefit.return.policy.item13\":\"더 나은 쇼핑 경험을 제공하기 위해 파페치는 유연한 반품 정책을 제공합니다. 다만, 이와 동시에 파페치는 반품 횟수를 모니터링하고, 고객의 반품 행위가 반품 정책을 위반하는 경우 향후 주문을 제한할 권한을 갖습니다.\",\"coupang.web.sdp.rlux.farfetch.benefit.return.policy.item14\":\"교환/반품 제한사항에 해당하는 경우 환불이 불가능하며, 반품된 상품은 고객님께 반환됩니다.\",\"coupang.web.sdp.rlux.farfetch.benefit.return.policy.item15\":\"반품 관련 구체적인 내용은 상품 상세페이지를 확인해주세요\",\"coupang.web.sdp.rlux.farfetch.benefit.customs.title\":\"관부가세 및 통관 및 통관대행료 안내\",\"coupang.web.sdp.rlux.farfetch.benefit.customs.item1\":\"주문 시 결제한 최종 가격에 관세와 부가가치세가 포함되어 있으므로 더 이상 추가되는 금액이 없습니다.\",\"coupang.web.sdp.rlux.farfetch.benefit.customs.item2\":\"원활한 수입 통관을 위해 운송사가 고객님의 개인정보 (주민등록번호 등)를 요청할 수 있습니다.\",\"coupang.web.sdp.rlux.farfetch.benefit.customs.item3\":\"주문한 같은 날, 타 사이트에서 같은 판매자로의 별도 물건을 주문할 경우, 타 사이트의 정책에 따라 추가 관부가세를 내야 할 수 있습니다. 이는 총 구매액이 150달러(미국발 200달러를)를 초과할 경우에만 해당됩니다.\",\"coupang.web.sdp.rlux.farfetch.benefit.customs.item4\":\"주문 후 관부가세 납부안내를 받고 의문이 있는 경우, R.LUX 전용 고객센터로 문의 주시면 빠르게 상세 안내해 드리겠습니다. (전화 혹은 채팅 문의)\",\"coupang.web.sdp.rlux.farfetch.benefit.footer.button\":\"R.LUX 전체 혜택 보기\",\"coupang.web.sdp.farfetch.shopping\":\"쇼핑하기\",\"coupang.web.sdp.notOnSale\":\"현재 판매중인 상품이 아닙니다\",\"coupang.web.sdp.freebie\":\"사은품\",\"coupang.sdp.purchase.error\":\"서버 에러가 발생했습니다. 다시 시도해 주십시오.\",\"coupang.web.product.description.title\":\"제품 사양\",\"coupang.web.product.highlight.title\":\"제품특징\",\"coupang.web.product.summary.title\":\"제품 요약\",\"sdp.front.ui.product.desc\":\"상품을\",\"product.description.see.more\":\"더 보기\",\"product.description.see.less\":\"접기\",\"sdp.front.ui.iphone.preorder.throttling.popup.title2\":\"사전예약\",\"sdp.front.ui.iphone.preorder.throttling.popup.desc1\":\"잠시만 기다려주시면\",\"sdp.front.ui.iphone.preorder.throttling.popup.desc2\":\"결제 페이지로 연결됩니다.\",\"sdp.front.ui.iphone.preorder.throttling.popup.disclaimer\":\"*재접속하시면 대기 시간이 길어질 수 있습니다.\",\"sdp.front.ui.throttling.system.error.title\":\"시스템 오류\",\"sdp.front.ui.throttling.system.error.description\":\"오류가 발생하였습니다. 다시 시도해 주세요.\",\"sdp.front.ui.throttling.system.error.button\":\"확인\",\"sdp.front.ui.rocketInstallationPitch.box.title\":\"로켓설치로 걱정 없는 가전 주문\",\"sdp.front.ui.rocketInstallationPitch.box.subTitle\":\"각 혜택을 눌러 더 자세히 알아보세요\",\"sdp.front.ui.rocketInstallationPitch.box.item.installation\":\"전문 설치 및 A/S 지원\",\"sdp.front.ui.rocketInstallationPitch.box.item.pickup\":\"폐가전 무상 수거\",\"sdp.front.ui.rocketInstallationPitch.box.item.ladderTrucks\":\"사다리차 무상 지원\",\"sdp.front.ui.rocketInstallationPitch.box.item.return\":\"설치 불가 시 무료반품\",\"sdp.front.ui.rocketInstallationPitch.popup.item.installation.description1\":\"주문 후 4주 이내 희망 배송일에 전문 기사가 직접 배송/설치하며, 사용법까지 안내해 드립니다.\",\"sdp.front.ui.rocketInstallationPitch.popup.item.installation.description2\":\"도서 산간 포함 배송비는 무료입니다.\",\"sdp.front.ui.rocketInstallationPitch.popup.item.installation.description3\":\"미설치, 단순 수령, 빈집 설치는 불가하며 고객님의 사정으로 미설치 시 배송 보류/반품될 수 있습니다.\",\"sdp.front.ui.rocketInstallationPitch.popup.item.installation.description4\":\"설치 환경에 따라 설치가 어려울 수 있습니다.\",\"sdp.front.ui.rocketInstallationPitch.popup.item.installation.description5\":\"제조사 공식 A/S를 이용할 수 있습니다.\",\"sdp.front.ui.rocketInstallationPitch.popup.item.installation.description6\":\"단, 도서 산간은 지역과 브랜드에 따라 지원 서비스가 상이할 수 있으니 상품 상세 페이지를 확인해주세요.\",\"sdp.front.ui.rocketInstallationPitch.popup.item.pickup.description1\":\"폐가전 수거는 전국 무상 지원해 드립니다.\",\"sdp.front.ui.rocketInstallationPitch.popup.item.pickup.description2\":\"설치 장소에 있는 구매 상품과 동일 품목의 폐가전만 수거 가능합니다.\",\"sdp.front.ui.rocketInstallationPitch.popup.item.pickup.description3\":\"수거는 환경에 따라 어려울 수 있으며, 배송 전 드리는 안내 전화에서 가능 여부를 확인해주세요.\",\"sdp.front.ui.rocketInstallationPitch.popup.item.pickup.description4\":\"단, 도서 산간은 지역과 브랜드에 따라 지원 서비스가 상이할 수 있으니 상품 상세 페이지를 확인해주세요.\",\"sdp.front.ui.rocketInstallationPitch.popup.item.ladderTrucks.description1\":\"사다리차 사용은 설치 기사 확인 후 필요 시 무상 지원해 드립니다.\",\"sdp.front.ui.rocketInstallationPitch.popup.item.ladderTrucks.description2\":\"단, 도서 산간은 지역과 브랜드에 따라 지원 서비스가 상이할 수 있으니 상품 상세 페이지를 확인해주세요.\",\"sdp.front.ui.rocketInstallationPitch.popup.item.return.description1\":\"배송 후 설치 불가 시 무료 교환/반품 가능합니다.\",\"sdp.front.ui.rocketInstallationPitch.popup.item.return.description2\":\"상품 하자 시 제조사 확인 후 교환/반품이 진행됩니다.\",\"sdp.front.ui.rocketInstallationPitch.popup.item.return.description3\":\"설치 후 고객 변심으로 인한 교환/반품은 불가합니다.\",\"sdp.front.ui.rocketInstallationPitch.popup.item.return.description4\":\"단, 도서 산간은 지역과 브랜드에 따라 지원 서비스가 상이할 수 있으니 상품 상세 페이지를 확인해주세요.\",\"product.description.main.info.title\":\"상품 주요 사양\",\"product.description.more.info.title\":\"추가 정보\",\"product.description.more.info.popup.title\":\"상품 전체 사양\",\"coupang.web.recycle.notice.nudge.title\":\"대형 가전제품 무료 재활용 서비스\",\"coupang.web.recycle.notice.nudge.desc\":\"주문이 확인된 후 배송, 설치, 재활용에 관한 일정을 조율하기 위해 연락드리겠습니다.\",\"coupang.web.recycle.notice.content.title\":\"환경부에서 요구하는 4대 대형폐기물 가전제품에 대한 재활용 서비스를 제공합니다.\",\"coupang.web.recycle.notice.content.desc\":\"소비자가 환경부 고시에서 지정한 사양을 충족하는 새 TV, 세탁기, 냉장고, 에어컨 또는 히터를 구매할 경우 판매자는 해당 중고 가전제품에 대한 무료 재활용 서비스를 제공해야 합니다. 이 서비스에는 동일한 종류와 수량의 가전제품을 동시에, 동일한 배송지에서 수거 및 운송하는 것이 포함되지만, 해체 또는 운송을 위한 중장비 사용, 엔지니어링 작업 또는 기타 위험한 작업은 포함되지 않습니다. 소비자는 중고 가전제품을 수거할 때 \\\"4대형 폐가전 재활용 3부 시트\\\"를 요청하시기 바랍니다. 본인은 아래 서명한 소비자로서, 앞서 언급한 권리와 혜택에 대해 구두로 안내를 받았거나 기타 방식으로 알고 있음을 확인합니다.\",\"coupang.web.recycle.notice.content.link\":\"자원 재활용 웹사이트\",\"coupang.web.recycle.notice.content.extraDesc\":\"환경부 자원순환국에서 제공함.\",\"coupang.web.recycle.notice.content.tel\":\"0800-085-717\",\"coupang.web.recycle.notice.nudge.button\":\"확인\",\"coupang.web.size_chart.title\":\"크기 가이드\",\"coupang.web.size_chart.nodata\":\"데이터 가 없\",\"coupang.web.size_chart.nodata_info\":\"현재 표시할 수 있는 데이터가 없습니다.\",\"coupang.web.size_chart.measurement_note\":\"\u003cul\u003e\u003cli\u003e* 재질로 인해 실측 사이즈와 약간 차이가 있을 수 있습니다.\u003c/li\u003e\u003cli\u003e* 사이즈 차트는 센티미터 (cm) 단위로 되어 있다.\u003c/li\u003e\u003c/ul\u003e\",\"coupang.web.size_chart.measurement_note_shoes\":\"\u003cul\u003e\u003cli\u003e* 권장 참고 사이즈로 상품 소재 때문에 실제 사이즈와 약간의 오차가 있을 수 있습니다.\u003c/li\u003e\u003cli\u003e* 발 길이 측정 방법:흰 종이에 서서 필로 각의 윤곽을 그리고 자로 발꿈치에서 발끝 맨 끝까지의 수직거리 (cm)를 측정하며 대조표에 따라 치수를 선택한다.\u003c/li\u003e\u003c/ul\u003e\",\"coupang.web.global_ccid.label\":\"신용카드 프로모션\",\"coupang.web.global_ccid.more\":\"자세한 내용\",\"coupang.web.global_ccid.arrow_icon\":\"화살표 아이콘\",\"coupang.web.global_installment.label\":\"결제 시 혜택\",\"coupang.web.global_installment.month\":\"최대 {month}개월\",\"coupang.web.global_installment.rate\":\" {rate} 할부\",\"coupang.web.global_installment_nudge.defaultCcid_zero\":\"\u003cstrong\u003e또는\u003c/strong\u003e 최저 \u003chighlight\u003e{amount}\u003c/highlight\u003e ({month}개월 0금리)\",\"coupang.web.global_installment_nudge.defaultCcid_other\":\"\u003cstrong\u003e또는\u003c/strong\u003e 최저 \u003chighlight\u003e{amount}\u003c/highlight\u003e ({month}개월 {rate}금리)\",\"coupang.web.global_installment_nudge.directBuy\":\"지금 구매\",\"coupang.web.global_installment_nudge.moreCcid_zero\":\"국민카드 0금리 할부 방안\",\"coupang.web.global_installment_nudge.moreCcid_other\":\"국민카드 {rate}금리 할부 방안\",\"coupang.web.global_installment_nudge.popup.directBy\":\"지금 구매\",\"coupang.web.global_installment_nudge.popup.periods\":\"{periods}개월 할부\u003cstrong\u003e{amount}/mo\u003c/strong\u003e\",\"coupang.web.global_installment_nudge.popup.noticeTitle\":\"주의사항\"},\"locale\":\"ko-KR\",\"region\":\"KR\",\"timeZone\":\"Asia/Seoul\",\"children\":[\"$\",\"$L1e\",null,{\"urlQuery\":{},\"isMobile\":false,\"abTestMap\":{\"82946\":\"A\",\"85935\":\"A\",\"86279\":\"A\",\"86366\":\"A\",\"86447\":\"A\",\"86449\":\"A\",\"88666\":\"B\",\"88944\":\"A\",\"89003\":\"A\",\"90303\":\"B\"},\"children\":[\"$\",\"$L2\",null,{\"parallelRouterKey\":\"children\",\"error\":\"$undefined\",\"errorStyles\":\"$undefined\",\"errorScripts\":\"$undefined\",\"template\":[\"$\",\"$L3\",null,{}],\"templateStyles\":\"$undefined\",\"templateScripts\":\"$undefined\",\"notFound\":\"$undefined\",\"forbidden\":\"$undefined\",\"unauthorized\":\"$undefined\"}]}]}]],[\"$\",\"div\",null,{\"dangerouslySetInnerHTML\":{\"__html\":\"$1f\"}}],\"$undefined\",[[\"$\",\"$L20\",\"0\",{\"src\":\"https://front.coupangcdn.com/front-web-next/_next/static/web-adapter/index-DqXXTr2C.js\"}],[\"$\",\"$L20\",\"1\",{\"strategy\":\"lazyOnload\",\"src\":\"https://asset2.coupangcdn.com/customjs/criteo/5.11.0/ld.min.js\"}],[\"$\",\"$L20\",\"2\",{\"id\":\"criteo-js-sdk\",\"strategy\":\"beforeInteractive\",\"children\":\"window.criteo_q = window.criteo_q || []\"}],[\"$\",\"$L20\",\"3\",{\"id\":\"fb-js-sdk\",\"strategy\":\"afterInteractive\",\"children\":\"!function(f,b,e,v,n,t,s){if(f.fbq)return;n=f.fbq=function(){n.callMethod?n.callMethod.apply(n,arguments):n.queue.push(arguments)};if(!f._fbq)f._fbq=n;\\n        n.push=n;n.loaded=!0;n.version='2.0';n.queue=[];t=b.createElement(e);t.async=!0;\\n        t.src=v;s=b.getElementsByTagName(e)[0];s.parentNode.insertBefore(t,s)}(window,\\n            document,'script','https://connect.facebook.net/en_US/fbevents.js');fbq('init', '652323801535981');fbq('track', 'PageView');\"}],[\"$\",\"$L20\",\"4\",{\"id\":\"seo-js-sdk\",\"strategy\":\"lazyOnload\",\"data-seo-rule\":\"{\\\"enabled\\\":true,\\\"cookieEnabled\\\":false,\\\"sdkVersion\\\":\\\"1.0.2\\\"}\",\"src\":\"https://assets.coupangcdn.com/customjs/seo-js-sdk/1.0.2/seo-js-sdk.umd.min.js\"}]]]}]]}]\n"])</script><script type="text/javascript" src="/Na-bzGZl/2is/lhu/SJzaH7h2Pr/huEJXLL45p0wcm/UWM9Uw/WQwgAmo_/Q0sB"></script><script type="text/javascript" src="/Na-bzGZl/2is/lhu/SJzaH7h2Pr/XwEJXLuD/cCVDUw/SGwWeQMK/AFY7AQ?v=d18e6d17-1639-1bf7-9f3a-4568c9be1732" defer=""></script><script src="https://front.coupangcdn.com/front-web-next/_next/static/web-adapter/index-DqXXTr2C.js" data-nscript="afterInteractive"></script><script id="fb-js-sdk" data-nscript="afterInteractive">!function(f,b,e,v,n,t,s){if(f.fbq)return;n=f.fbq=function(){n.callMethod?n.callMethod.apply(n,arguments):n.queue.push(arguments)};if(!f._fbq)f._fbq=n;
        n.push=n;n.loaded=!0;n.version='2.0';n.queue=[];t=b.createElement(e);t.async=!0;
        t.src=v;s=b.getElementsByTagName(e)[0];s.parentNode.insertBefore(t,s)}(window,
            document,'script','https://connect.facebook.net/en_US/fbevents.js');fbq('init', '652323801535981');fbq('track', 'PageView');</script><next-route-announcer style="position: absolute;"></next-route-announcer><iframe src="https://www.coupang.com/n-api/web-adapter/proxy" width="1" height="1" hidden="" aria-hidden=""></iframe><script src="https://asset2.coupangcdn.com/customjs/criteo/5.11.0/ld.min.js" data-nscript="lazyOnload"></script><div id="criteo-tags-div" style="display: none;"></div><script src="https://assets.coupangcdn.com/customjs/seo-js-sdk/1.0.2/seo-js-sdk.umd.min.js" id="seo-js-sdk" data-seo-rule="{&quot;enabled&quot;:true,&quot;cookieEnabled&quot;:false,&quot;sdkVersion&quot;:&quot;1.0.2&quot;}" data-nscript="lazyOnload"></script><iframe height="0" width="0" hidden="" aria-hidden="true" title="Criteo DIS iframe"></iframe><div class="twc-flex twc-items-center twc-justify-center twc-fixed twc-left-0 twc-top-0 twc-right-0 twc-bottom-0 twc-z-[999] twc-bg-[#111]/[.5] twc-hidden"><div class="twc-min-h-[160px] twc-pointer-events-all twc-box-border twc-rounded-[4px] twc-relative twc-flex twc-flex-col twc-mx-[24px] twc-pb-[20px] twc-pt-[16px] twc-w-[312px] twc-max-lvh/2 twc-bg-white"><div class="twc-flex twc-justify-between twc-items-center twc-px-[20px] twc-pb-[16px] twc-border-b twc-border-b-[#dfe3e8]"><div class="twc-text-[16px] twc-font-bold twc-text-[#111]">판매자 평가</div><svg class="twc-select-none twc-cursor-pointer" xmlns="http://www.w3.org/2000/svg" width="20" height="20" viewBox="0 0 20 20" fill="none"><path fill-rule="evenodd" clip-rule="evenodd" d="M4.67758 3.50776C4.35067 3.25357 3.87798 3.27668 3.57757 3.57709C3.25214 3.90252 3.25214 4.43016 3.57757 4.7556L8.82165 9.99967L3.57757 15.2438L3.50825 15.3223C3.25406 15.6492 3.27717 16.1219 3.57757 16.4223C3.90301 16.7477 4.43065 16.7477 4.75609 16.4223L10.0002 11.1782L15.2442 16.4223L15.3227 16.4916C15.6497 16.7458 16.1223 16.7227 16.4228 16.4223C16.7482 16.0968 16.7482 15.5692 16.4228 15.2438L11.1787 9.99967L16.4228 4.7556L16.4921 4.67709C16.7463 4.35018 16.7232 3.87749 16.4228 3.57709C16.0973 3.25165 15.5697 3.25165 15.2442 3.57709L10.0002 8.82116L4.75609 3.57709L4.67758 3.50776Z" fill="#212B36"></path></svg></div><div class="twc-grow twc-shrink twc-min-w-0 twc-min-h-0 twc-overflow-auto twc-px-[20px]"><div class="twc-flex twc-items-center twc-justify-between twc-py-[24px] twc-px-0"><div class="twc-flex twc-items-center twc-text-[14px] twc-font-[400] twc-text-[#111]"><img class="twc-w-[20px] twc-h-[19px]" alt="store icon" loading="lazy" src="https://image.coupangcdn.com/image/coupang/rds/icon/xxhdpi/ic_seller_outline.png"><span class="twc-ml-[4px]">밸류코드 주식회사</span></div><div><div class="twc-flex twc-items-center"><img class="twc-w-[23px] twc-h-[22px]" alt="icon" loading="lazy" src="https://image.coupangcdn.com/image/mobile_app/v3/badges/thumbs_up/xxhdpi/ic_thumbsup_outline_black_buybox.png"><span class="twc-font-[600] twc-text-[20px] twc-text-[#333] twc-ml-[6px]">90%</span></div><div class="twc-text-right twc-text-[#777] twc-text-[12px] twc-font-[400]"><strong>674건의 평가</strong></div></div></div><div class="twc-pt-[16px] twc-pb-[24px] twc-text-[14px] twc-text-[#777] twc-border-t twc-border-[#f1f4f6] twc-leading-[21px]"><span>이 판매자가 제공하는 전체적인 서비스에 대한 고객의 만족도입니다.<br>(배송, 포장, 고객응대, 가격, 유통기한 등) </span></div></div></div></div></body></html>